1651 2790
162 338 180 372 l

217 237 270 275 92
488 233 648 275 XXIII.
693 240 744 282 27,
771 239 809 275 8.
874 233 1142 288 (Hannibal.)

264 335 352 373 VII.
383 336 517 378 Quum
549 336 588 372 in
609 336 824 385 apparando
856 336 1042 372 acerrime
1063 342 1161 372 esset
1190 342 1408 385 occupatus,

210 387 547 437 Carthaginienses
579 389 721 425 bellum
753 401 842 425 cum
881 388 1065 425 Romanis
1102 394 1411 437 composuerunt.

212 440 280 477 [lle
311 441 430 478 nihilo
463 442 589 478 secius
623 442 809 478 exercitui
843 448 972 490 postea
1002 439 1165 489 praefuit,
1198 453 1334 488 resque
1374 441 1412 476 in

211 492 347 529 Africa
377 494 505 542 gessit,
530 493 715 542 [itemque
745 493 859 542 Mago
881 493 1000 529 frater
1020 493 1135 542 ejuS,]
1158 505 1279 540 usque
1301 491 1346 528 ad
1368 492 1410 528 P.

209 545 426 593 Sulpicium
446 553 482 581 et
510 546 554 582 C.
577 547 784 582 Aurelium
809 546 999 582 consules.
1057 545 1130 581 His
1151 546 1251 580 enim
1273 545 1410 594 magis-

209 598 369 633 tratibus
400 597 517 647 legati
548 598 885 647 Carthaginienses
916 597 1076 634 Romam
1109 604 1307 641 venerunt,
1347 597 1412 644 qui

207 650 357 685 senatui
379 650 591 699 populoque
623 650 795 686 Romano
823 650 966 698 gratias
999 656 1168 698 agerent,
1190 649 1290 697 quod
1322 661 1412 685 cum

209 702 267 738 his
286 715 421 751 pacem
441 702 632 748 fecissent,
653 703 698 738 ob
732 714 893 750 eamque
926 714 1007 737 rem
1038 713 1176 737 corona
1211 713 1329 736 aurea
1349 713 1413 736 eos

208 754 403 799 donarent,
424 755 615 803 simulque
637 761 820 804 peterent,
843 762 883 790 ut
903 753 1051 790 obsides
1071 765 1201 789 eorum
1222 752 1413 802 Fregellis

208 813 346 851 essent,
379 807 597 856 captivique
629 807 890 843 redderentur.
949 805 1022 842 His
1056 818 1103 841 ex
1137 812 1293 841 senatus
1324 817 1410 841 con-

207 858 307 894 sulto
327 871 549 907 responsum
570 866 648 895 est:
679 871 820 894 munus
851 871 985 895 eorum
1012 864 1164 907 gratum
1195 864 1412 906 acceptum-

207 923 281 959 que
301 923 408 957 esse3
440 911 599 956 obsides,
625 911 793 960 quoloco
825 917 1014 960 rogarent,
1038 909 1211 955 futuros3
1242 910 1412 958 captivos

208 975 282 999 non
304 964 541 1007 remissuros,
562 963 662 1012 quod
698 963 967 1007 Hannibalem,
989 962 1102 1010 cujus
1125 974 1238 1010 opera
1258 974 1411 1009 suscep-

207 1022 288 1051 tum
310 1015 453 1052 bellum
475 1015 580 1059 foret,
602 1016 908 1051 inimicissimum
929 1015 1071 1051 nomini
1092 1014 1275 1058 Romano,
1298 1014 1412 1050 etiam

206 1080 310 1104 nunc
339 1079 429 1103 cum
462 1068 621 1116 imperio
641 1068 741 1116 apud
771 1068 984 1104 exercitum
1018 1066 1212 1110 haberent,
1245 1066 1411 1114 itemque

209 1118 366 1156 fratrem
387 1120 470 1168 ejus
497 1120 714 1169 Magonem.
771 1119 857 1156 Hoc
878 1132 1055 1168 responso
1075 1119 1412 1167 Carthaginienses

206 1172 356 1221 cognito
390 1171 648 1209 Hannibalem
669 1172 823 1208 domum
855 1171 1134 1221 Magonemque
1166 1176 1408 1207 revocarunt.

208 1223 298 1261 Huc
319 1232 360 1261 ut
394 1224 516 1268 rediit,
538 1232 675 1273 praetor
706 1224 829 1261 factus
850 1231 916 1268 est,
939 1232 1136 1273 postquam
1171 1236 1238 1259 rex
1274 1222 1410 1267 fuerat,

206 1288 305 1312 anno
325 1277 493 1313 secundo
513 1284 550 1313 et
583 1278 779 1313 vicesimo.
836 1276 888 1314 Ut
921 1278 1023 1312 enim
1057 1276 1191 1312 Romae
1221 1275 1410 1319 consules,

207 1329 263 1365 sic
293 1329 525 1378 Carthagine
545 1330 746 1378 quotannis
766 1330 884 1365 annui
914 1329 993 1364 bini
1025 1341 1134 1378 reges
1165 1329 1408 1364 creabantur.

207 1380 250 1417 In
270 1394 314 1419 eo
343 1382 570 1431 magistratu
604 1382 686 1430 pari
721 1381 918 1430 diligentia
937 1394 978 1417 se
1010 1380 1205 1416 Hannibal
1237 1380 1410 1429 praebuit,

207 1445 252 1469 ac
274 1432 398 1470 fuerat
417 1434 456 1470 in
477 1434 589 1470 bello.
646 1433 827 1482 Namque
848 1433 985 1477 effecit,
1007 1445 1053 1468 ex
1081 1433 1189 1469 novis
1215 1432 1410 1481 vectigali-

206 1485 277 1522 bus
297 1499 370 1522 non
384 1486 507 1522 solum
524 1494 565 1523 ut
584 1493 682 1522 esset
702 1487 875 1535 pecunia,
890 1498 976 1534 quae
996 1485 1180 1522 Romanis
1200 1497 1246 1521 ex
1268 1484 1411 1521 foedere

206 1538 445 1587 penderetur,
467 1538 532 1574 sed
566 1539 681 1575 etiam
701 1545 928 1587 superesset,
951 1550 1036 1586 quae
1069 1538 1109 1573 in
1142 1538 1277 1574 aerario
1307 1549 1410 1586 repo-

205 1598 374 1642 neretur3
431 1590 591 1635 Deinde,
615 1603 713 1627 anno
742 1598 823 1640 post
843 1598 1061 1640 praeturam,
1085 1589 1216 1626 Marco
1235 1589 1408 1634 Claudio,

205 1641 329 1679 Lucio
360 1643 478 1680 Furio
497 1643 602 1680 Coss.
625 1643 748 1680 Roma
767 1644 884 1692 legati
914 1642 1187 1691 Carthaginem
1207 1648 1408 1678 venerunt.

205 1694 286 1731 Hos
307 1695 502 1731 Hannibal
524 1696 584 1731 sui
604 1695 832 1744 exposcendi
852 1696 976 1744 gratia
995 1695 1128 1730 missos
1149 1701 1266 1738 ratus,
1287 1694 1408 1742 prius-

204 1760 320 1794 quam
342 1748 400 1783 his
420 1754 575 1783 senatus
595 1747 761 1790 daretur,
776 1759 913 1782 navem
927 1746 1148 1783 conscendit
1168 1746 1280 1789 clam,
1296 1752 1409 1794 atque

205 1800 241 1834 in
264 1799 419 1847 Syriam
441 1799 487 1835 ad
509 1799 744 1836 Antiochum
765 1798 944 1847 profugit.
981 1798 1067 1834 Hac
1088 1810 1128 1834 re
1149 1797 1275 1846 palam
1295 1796 1408 1841 facta,

205 1850 314 1887 Poern
333 1863 451 1887 naves
471 1851 577 1896 duas,
599 1863 686 1900 quae
705 1863 795 1887 eum
815 1850 1191 1899 comprehenderent,
1206 1851 1238 1886 si
1259 1857 1408 1899 possent

205 1903 399 1951 consequi,
422 1903 634 1949 miserunt3
666 1903 764 1939 bona
784 1903 869 1951 ejus
903 1902 1173 1952 publicarunt,
1206 1902 1360 1938 domum
1387 1915 1409 1938 a

206 1954 462 1991 fundamentis
481 1955 737 2004 disjecerunt3
770 1956 895 2003 ipsum
915 1955 1089 1991 exsulem
1105 1954 1339 2003 judicarunt.

257 2006 367 2044 VIII.
399 2008 454 2044 At
483 2007 679 2044 Hannibal
716 2019 814 2043 anno
845 2013 937 2056 post,
958 2019 1074 2056 quam
1095 2007 1203 2043 domo
1231 2005 1407 2056 profuge-

205 2066 274 2104 rat,
306 2059 353 2096 L.
377 2059 564 2104 Cornelio,
595 2058 738 2101 Quinto
773 2058 944 2096 Minucio
975 2059 1081 2096 Coss.
1113 2071 1203 2095 cum
1237 2059 1408 2108 quinque

204 2113 367 2148 navibus
398 2111 575 2148 Africam
609 2112 770 2148 accessit
808 2112 846 2147 in
877 2111 1018 2148 finibus
1055 2111 1343 2159 Cyrenaeorum,
1376 2112 1408 2148 si

205 2163 299 2200 forte
319 2165 655 2214 Carthaginienses
671 2164 716 2200 ad
739 2164 880 2200 bellum
902 2164 1084 2200 Antiochi
1104 2176 1169 2212 spe
1190 2164 1408 2212 fiduciaque

204 2217 387 2254 inducere
408 2223 555 2265 posset:
585 2217 649 2253 cui
679 2217 759 2265 jam
781 2222 1032 2265 persuaserat,
1055 2223 1096 2253 ut
1122 2229 1211 2252 cum
1235 2216 1406 2253 exerciti-

205 2269 276 2305 bus
296 2270 335 2305 in
355 2269 505 2306 Italiam
530 2269 848 2318 proficisceretur.
905 2268 996 2305 Huc
1027 2268 1231 2318 Magonem
1253 2268 1407 2314 fratrem

205 2322 359 2358 excivit.
433 2321 474 2358 Id
509 2322 573 2357 ubi
605 2322 713 2358 Poeni
745 2322 995 2365 resciverunt,
1027 2321 1229 2370 Magonem
1263 2321 1407 2365 eadem,

204 2385 280 2421 qua
302 2373 470 2419 fratrem,
493 2374 685 2410 absentem
707 2386 820 2422 poena
841 2374 1064 2410 affecerunt.
1122 2373 1183 2410 Illi
1203 2373 1408 2422 desperatis

205 2426 319 2462 rebus
350 2439 470 2475 quum
501 2427 700 2463 solvissent
729 2438 860 2471 naves,
882 2439 927 2463 ac
948 2426 1034 2463 vela
1053 2426 1176 2462 ventis
1207 2425 1407 2470 dedissent,
1437 2434 1440 2437 ·

205 2475 401 2515 Hannibal
422 2478 469 2514 ad
489 2479 726 2516 Antiochum
747 2479 932 2529 pervenit.
981 2477 1039 2515 De
1061 2478 1235 2528 Magonis
1255 2477 1408 2515 interitu
