1651 2790
479 232 640 274 XXIII.
702 238 738 281 5,
764 239 801 274 6.
863 232 1137 286 (Hannibal.)
1358 242 1407 276 91

213 335 308 372 ilinc
329 336 367 372 in
388 335 574 385 Apuliam
596 337 782 386 pervenit.
831 335 888 372 Ibi
907 336 1058 372 obviam
1079 337 1114 373 ei
1134 345 1321 374 venerunt
1340 337 1415 374 duo

206 387 402 433 Consules,
423 389 468 426 C.
491 388 699 426 Terentius
719 395 756 425 et
785 387 833 425 L.
857 388 1053 424 AEmilius.
1112 388 1322 439 Utriusque
1349 402 1411 426 ex-

204 442 347 479 ercitus
367 454 442 478 uno
463 442 599 491 proelio
623 441 796 491 fugavit3
830 440 1010 477 Paullum
1033 442 1229 477 consulem
1259 442 1413 487 occidit,

203 500 239 530 et
273 494 417 543 aliquot
450 502 636 544 praetcrea
665 494 901 538 consulares,
932 494 971 530 in
1005 494 1064 530 his
1097 493 1169 531 Cn.
1201 494 1412 531 Servilium

203 546 424 592 Geminum,
445 548 511 596 qui
533 560 630 584 anno
651 547 847 596 superiore
869 546 993 583 fuerat
1013 547 1162 583 consul.

255 599 305 636 V.
337 599 425 637 Hac
460 612 590 650 pugna
624 607 794 649 pugnata
824 599 985 637 Romam
1006 599 1200 648 profectus
1220 605 1286 644 est,
1304 598 1411 636 nullo

202 653 413 689 resistente.
471 653 515 690 In
550 653 769 702 propinquis
799 652 904 689 urbis
939 652 1129 688 montibus
1149 658 1318 688 moratus
1338 659 1408 688 est.

201 704 334 745 Quum
355 705 498 754 aliquot
527 707 577 742 ibi
606 705 686 742 dies
707 712 834 741 castra
855 705 1062 750 habuisset,
1084 711 1121 741 et
1155 711 1412 741 reverteretur

201 756 399 806 Capuam5
436 758 487 800 Q.
508 758 654 795 Fabius
690 757 896 802 Maximus,
933 757 1094 794 dictator
1128 757 1338 801 Romanus,
1371 758 1410 793 in

201 822 292 859 agro
313 810 480 847 Falerno
499 824 540 847 se
562 812 597 847 ei
629 811 781 859 objecit.
839 809 916 846 Hic
945 810 1104 846 clausus
1137 810 1310 846 locorum
1345 822 1408 846 an-

199 863 335 910 gustiis
355 870 470 899 noctu
499 864 581 900 sine
604 863 683 899 ullo
713 863 939 899 detrimento
959 863 1153 900 exercitus
1182 875 1222 899 se
1257 862 1408 911 expedi-

201 915 279 962 vit3
312 915 443 960 Fabio,
467 916 715 952 callidissimo
736 916 967 964 imperatori,
990 916 1107 952 verba
1127 915 1239 952 dedit.
1290 915 1408 951 Nam-

199 979 274 1015 que
308 968 473 1004 obducta
506 975 616 1005 nocte
650 974 845 1005 sarmenta
873 968 912 1004 in
942 969 1123 1005 cornibus
1151 968 1408 1017 juvencorum

198 1019 364 1069 deligata
384 1021 564 1066 incendit,
582 1022 743 1070 ejusque
763 1021 916 1071 generis
932 1021 1214 1057 multitudinem
1229 1033 1410 1070 magnam

198 1071 425 1122 dispalatam
445 1074 616 1111 immisit.
665 1074 754 1116 Quo
775 1074 969 1122 repentino
988 1073 1141 1123 objectu
1162 1074 1242 1110 viso
1262 1079 1410 1109 tantum

197 1131 382 1162 terrorem
413 1127 544 1175 injecit
570 1127 757 1163 exercitui
780 1125 1054 1171 Romanorum,
1077 1132 1118 1162 ut
1147 1125 1278 1175 egredi
1299 1131 1408 1162 extra

197 1178 344 1214 vallum
365 1191 476 1215 nemo
497 1180 544 1216 sit
565 1192 695 1216 ausus.
754 1178 868 1215 Hanc
889 1185 970 1227 post
990 1191 1072 1215 rem
1092 1186 1240 1229 gestam
1260 1191 1335 1215 non
1356 1179 1408 1214 ita

197 1231 327 1268 multis
361 1232 496 1268 diebus
531 1232 585 1268 M.
619 1232 838 1268 Minucium
872 1230 1032 1277 Rufum,
1054 1232 1282 1281 magistrum
1302 1231 1407 1280 equi-

198 1290 290 1327 tum,
324 1285 407 1332 pari
446 1297 492 1321 ac
531 1285 756 1322 dictatorem
785 1285 957 1333 imperio,
988 1284 1072 1320 dolo
1106 1284 1334 1333 productum
1369 1284 1408 1319 in

197 1336 387 1383 proelium,
410 1337 570 1386 fugavit.
630 1337 693 1374 Ti.
716 1337 985 1386 Sempronium
1007 1337 1245 1381 Gracchum,
1267 1336 1407 1373 iterum

197 1388 407 1433 consulem,
429 1389 468 1424 in
489 1389 662 1426 Lucanis
691 1390 828 1426 absens
856 1390 896 1425 in
924 1389 1083 1426 insidias
1103 1389 1304 1425 inductum
1325 1401 1405 1425 sus-

196 1440 297 1476 tulit.
356 1440 410 1476 M.
432 1441 639 1478 Claudium
674 1441 920 1486 Marcellum,
955 1442 1160 1490 quinquies
1194 1441 1405 1485 consulem,

197 1492 297 1541 apud
333 1492 547 1529 Venusiam
582 1494 663 1542 pari
698 1494 807 1530 modo
838 1493 1042 1530 interfecit.
1121 1493 1301 1543 Longum
1335 1500 1404 1537 est,

196 1557 426 1581 enumerare
447 1546 597 1594 prcelia.
655 1546 788 1588 Quare
809 1545 879 1582 hoc
901 1558 1021 1582 unum
1042 1546 1133 1581 satis
1153 1547 1223 1582 erit
1247 1545 1404 1589 dictum,

196 1610 243 1633 ex
264 1610 338 1645 quo
359 1598 521 1647 intelligi
550 1599 677 1647 possit,
699 1604 868 1647 quantus
897 1598 962 1634 ille
992 1598 1131 1634 fuerit:
1161 1597 1345 1646 quamdiu
1366 1598 1405 1633 in

196 1649 306 1686 Italia
328 1649 410 1694 fuit,
433 1663 544 1686 nemo
564 1652 600 1687 ei
630 1652 669 1687 in
691 1652 776 1688 acie
798 1651 944 1695 restitit,
966 1663 1077 1687 nemo
1112 1650 1297 1686 adversus
1316 1662 1405 1686 eum

195 1709 276 1751 post
295 1702 536 1739 Cannensem
564 1716 725 1753 augnam
746 1704 784 1739 in
805 1715 940 1752 campo
961 1710 1087 1740 castra
1108 1703 1243 1752 posuit.

249 1754 318 1791 VI.
351 1755 428 1791 Hic
446 1756 614 1792 invictus
634 1757 796 1805 patriam
816 1755 1016 1792 defensum
1037 1762 1239 1792 revocatus
1260 1755 1404 1791 bellum

194 1808 312 1857 gessit
344 1808 528 1844 adversus
560 1808 601 1844 P.
628 1809 857 1858 Scipionem,
891 1808 1014 1844 filium
1045 1808 1142 1856 ejus,
1178 1820 1292 1856 quem
1324 1808 1403 1856 ipse

194 1860 360 1908 primum
394 1860 495 1909 apud
527 1860 770 1906 Rhodanum,
792 1861 932 1897 iterum
968 1860 1068 1910 apud
1103 1860 1261 1904 Padum,
1294 1861 1403 1897 tertio

195 1912 297 1962 apud
328 1913 513 1950 Trebiam
545 1913 761 1963 fugaverat.
837 1913 937 1950 Cum
968 1914 1050 1958 hoc,
1091 1913 1288 1949 exhaustis
1318 1912 1400 1961 jam

194 1965 326 2014 patriae
365 1965 624 2011 facultatibus,
664 1967 810 2015 cupivit
848 1966 887 2002 in
927 1967 1218 2015 praesentiarum
1257 1965 1400 2002 bellum

194 2030 433 2066 componere,
464 2031 540 2068 quo
577 2019 764 2056 valentior
802 2025 932 2068 postea
970 2018 1282 2067 congrederetur.
1357 2017 1401 2054 In

195 2070 429 2119 colloquium
449 2072 637 2115 convenit,
659 2071 893 2108 conditiones
913 2083 988 2107 non
1009 2077 1282 2107 convenerunt.
1314 2070 1401 2106 Post

195 2122 232 2157 id
255 2121 397 2159 factum
430 2124 565 2172 paucis
585 2124 718 2160 diebus
739 2123 840 2173 apud
870 2123 1030 2160 Zamam
1051 2135 1139 2159 cum
1162 2122 1293 2158 eodem
1313 2135 1399 2159 con-

196 2174 314 2210 flixit:
346 2175 480 2223 pulsus
511 2176 754 2226 (incredibile
776 2175 899 2226 dictu)
932 2175 1045 2211 biduo
1066 2181 1102 2210 et
1133 2174 1284 2211 duabus
1312 2187 1399 2211 noc-

195 2226 296 2263 tibus
316 2226 599 2264 Hadrumetum
619 2229 803 2277 pervenit,
824 2228 923 2277 quod
946 2228 1050 2264 abest
1071 2240 1092 2263 a
1108 2226 1228 2262 Zama
1249 2227 1402 2263 circiter

196 2279 317 2314 millia
351 2291 534 2327 passuum
563 2286 748 2317 trecenta.
804 2280 848 2317 In
879 2281 952 2316 hac
985 2279 1076 2328 fuga
1108 2279 1304 2324 Numidae,
1334 2280 1400 2327 qui

195 2331 310 2366 simul
342 2344 432 2367 cum
463 2344 507 2368 eo
538 2332 698 2368 ex-acie
730 2338 986 2375 excesserant,
1018 2331 1184 2367 insidiati
1214 2338 1302 2368 sunt
1339 2331 1399 2368 ei:

195 2395 290 2430 quos
308 2395 383 2420 non
404 2383 527 2419 solum
548 2383 692 2433 effugit,
714 2384 778 2420 sed
800 2385 915 2420 etiam
949 2384 1049 2432 ipsos
1067 2384 1265 2432 oppressit.
1322 2383 1400 2420 Ha-

195 2435 359 2472 drumeti
379 2436 546 2485 reliquos
566 2448 613 2472 ex
634 2435 727 2485 fuga
745 2436 921 2485 collegit:
951 2436 1059 2472 novis
1077 2435 1290 2473 delectibus
1307 2448 1399 2487 pau-

195 2487 252 2524 cis
271 2487 405 2525 diebus
424 2488 564 2525 multos
583 2488 783 2525 contraxit.

1443 340 1464 376 4

1432 1916 1454 1948 to
