1651 2790
485 251 580 292 VII.
617 256 680 292 10.
740 252 1024 303 (Alcibiades.)
1301 259 1354 294 35

159 349 423 399 quinquagena
455 350 598 387 talenta
616 350 817 398 vectigalis
847 350 1034 398 capiebat.
1093 351 1179 393 Qua
1212 351 1359 388 fortuna
1386 354 1406 388 4

158 402 381 439 Alcibiades
414 414 491 439 non
525 409 604 438 erat
638 409 852 446 contentus,
886 415 1011 450 neque
1043 402 1214 439 Athenas
1235 404 1357 440 victas

159 454 462 491 Lacedaemoniis
483 449 627 491 servire
656 462 802 503 poterat
825 455 914 503 pati.
972 455 1103 502 Itaque
1125 455 1172 491 ad
1199 455 1359 503 patriam

156 507 391 544 liberandam
409 507 512 543 omni
532 507 722 543 ferebatur
741 507 987 555 cogitatione.
1039 507 1119 543 Sed
1137 507 1300 551 videbat,
1320 507 1359 544 id
1387 511 1408 543 5

157 559 240 596 sine
250 571 341 608 rege
356 559 560 596 Persarum
572 571 648 595 non
660 571 776 607 posse
790 559 892 596 fieri:
921 559 1083 607 ideoque
1098 572 1183 595 eum
1196 559 1357 595 amicum

157 611 231 648 sibi
251 612 428 660 cupiebat
447 611 625 660 adjungi;
654 624 779 660 neque
800 611 1004 657 dubitabat,
1024 612 1138 648 facile
1159 624 1202 648 se
1224 624 1358 648 conse-

157 671 339 709 cuturum,
351 664 386 700 si
406 664 517 700 modo
531 665 612 713 ejus
627 664 882 700 conveniendi
900 664 1099 700 habuisset
1117 670 1356 712 potestatem.

157 715 259 752 Nam
279 716 422 765 Cyrum
441 715 592 752 fratrem
612 716 649 752 ei
668 717 809 753 bellum
829 717 928 752 clam
946 729 1093 765 parare,
1114 716 1358 752 Lacedaemo-

156 768 230 804 niis
252 768 526 817 adjuvantibus,
547 769 716 814 sciebat3
747 769 786 805 id
815 769 849 805 si
869 769 1097 819 aperuisset,
1116 781 1294 818 magnam
1314 781 1357 804 se

156 821 333 856 initurum
354 821 512 869 gratiam
530 821 695 858 videbat.

208 873 258 908 X.
316 873 412 909 Haec
441 886 553 921 quum
571 874 778 918 moliretur,
805 881 1028 922 peteretque
1050 887 1071 910 a
1095 873 1358 917 Pharnabazo,
1390 875 1405 909 i

155 932 194 961 ut
213 924 261 961 ad
279 937 411 973 regem
429 926 650 970 mitteretur,
665 926 801 962 eodem
815 933 985 975 tempore
1004 926 1144 963 Critias
1162 926 1356 973 ceterique

155 977 305 1026 tyranni
325 977 619 1014 Atheniensium
639 985 765 1014 certos
786 978 961 1015 homines
983 979 1030 1015 ad
1059 978 1300 1027 Lysandrum
1318 978 1358 1014 in

156 1029 289 1066 Asiam
307 1031 503 1075 miserunt,
524 1031 587 1078 qui
608 1043 694 1067 eum
722 1030 925 1067 certiorem
944 1031 1128 1076 facerent,
1147 1031 1225 1067 nisi
1252 1030 1357 1066 Alci-

153 1082 305 1119 biadem
325 1082 555 1128 sustulisset,
575 1082 673 1119 nihil
704 1096 834 1120 earum
852 1096 977 1119 rerum
1010 1083 1090 1119 fore
1110 1090 1242 1127 iatum,
1262 1095 1355 1130 quas

155 1135 239 1183 ipse
263 1135 426 1171 Athenis
448 1135 723 1172 constituisset.
781 1136 923 1180 Quare,
944 1135 977 1171 si
1011 1148 1100 1171 suas
1129 1147 1192 1172 res
1225 1142 1356 1183 gestas

154 1199 307 1224 manere
336 1188 464 1232 vellet,
493 1188 600 1224 illum
631 1195 936 1236 persequeretur.
993 1188 1068 1224 His
1102 1187 1208 1224 Laco
1243 1188 1355 1223 rebus
1383 1189 1407 1222 2

155 1247 363 1276 commotus
385 1241 513 1276 statuit
534 1240 749 1276 accuratius
770 1240 844 1276 sibi
863 1240 1052 1288 agendum
1072 1253 1158 1276 cum
1186 1239 1356 1276 Pharna-

154 1292 262 1328 bazo.
293 1292 396 1329 Huic
417 1305 508 1341 ergo
520 1293 721 1337 renuntiat,
741 1305 821 1340 quae
841 1293 924 1341 regi
946 1305 1031 1328 cum
1051 1291 1355 1328 Lacedaemoniis

156 1351 298 1389 essent,
318 1344 422 1381 irrita
441 1345 574 1390 futura,
588 1345 661 1381 nisi
684 1345 925 1381 Alcibiadem
943 1345 1072 1381 vivum
1091 1352 1154 1380 aut
1171 1351 1356 1380 mortuum

154 1396 407 1432 tradidisset.·
443 1397 534 1433 Non
560 1398 645 1433 tulit
663 1397 736 1433 hoc
758 1404 943 1446 satrapes,
965 1404 1002 1433 et
1020 1398 1166 1433 violare
1187 1397 1355 1433 clemen·
1384 1398 1406 1432 3

156 1447 257 1492 tiam,
295 1460 406 1495 quam
441 1448 544 1496 regis
583 1461 677 1497 opes
714 1449 834 1485 minui
871 1450 1014 1485 maluit.
1083 1449 1215 1496 Itaque
1251 1448 1356 1484 misit

157 1499 419 1536 Susamithren
441 1507 478 1535 et
507 1500 687 1548 Bagaeum
706 1501 754 1536 ad
772 1501 1012 1537 Alcibiadem
1040 1501 1355 1545 interficiendum,

156 1564 269 1599 quum
284 1551 348 1587 ille
362 1559 466 1588 esset
484 1552 523 1588 in
544 1552 726 1601 Phrygia,
739 1553 883 1600 iterque
897 1553 944 1588 ad
963 1565 1093 1601 regem
1107 1560 1353 1601 compararet.

156 1604 271 1640 Missi
292 1604 392 1640 clam
409 1604 607 1649 vicinitati,
640 1605 680 1640 in
699 1617 772 1652 qua
804 1612 881 1640 tum
901 1605 1123 1641 Alcibiades
1155 1612 1247 1650 erat,
1267 1605 1357 1641 dant
1383 1608 1406 1641 4

154 1656 359 1704 negotium,
378 1663 419 1692 ut
452 1669 538 1692 eum
567 1657 807 1693 interficiant.
863 1657 926 1694 Illi
959 1670 1072 1705 quum
1103 1657 1223 1707 [eum]
1254 1657 1354 1693 ferro

155 1707 313 1756 aggredi
342 1720 418 1744 non
449 1708 642 1753 auderent,
680 1716 795 1745 noctu
832 1709 938 1758 ligna
975 1710 1215 1746 contulerunt
1252 1709 1356 1745 circa

155 1773 285 1796 casam
314 1773 410 1805 eam,
440 1761 480 1797 in
499 1774 573 1809 qua
604 1761 838 1810 quiescebat,
860 1774 1018 1810 eamque
1048 1762 1350 1798 succenderunt:

156 1819 194 1849 ut
213 1813 393 1849 incendio
414 1814 658 1858 conficerent,
672 1826 784 1861 quem
803 1826 915 1850 manu
936 1814 1109 1862 superari
1128 1826 1244 1862 posse
1258 1814 1354 1850 diffi-

155 1865 304 1901 debant.
361 1865 432 1902 Ille
454 1872 579 1901 autem
596 1873 636 1902 ut
655 1866 780 1902 sonitu
798 1866 955 1902 flammae
983 1873 1042 1902 est
1061 1866 1260 1911 excitatus,
1281 1867 1355 1903 etsi
1383 1871 1405 1903 5

156 1917 304 1965 gladius
325 1917 362 1953 ei
383 1925 464 1954 erat
492 1918 712 1962 subductus,
736 1918 934 1954 familiaris
955 1919 1015 1955 sui
1034 1919 1208 1955 subalare
1236 1920 1354 1955 telum

156 1969 306 2018 eripuit.
362 1970 537 2018 Namque
559 1977 640 2006 erat
659 1983 745 2006 cum
764 1983 811 2007 eo
839 1971 991 2018 quidam
1011 1983 1060 2007 ex
1080 1971 1246 2007 Arcadia
1264 1971 1353 2007 hos-

157 2033 238 2069 pes,
267 2021 330 2069 qui
357 2034 558 2069 numquam
586 2022 788 2059 discedere
807 2023 989 2059 voluerat.
1046 2023 1161 2059 Hunc
1181 2023 1290 2071 sequi
1310 2036 1353 2059 se

157 2073 269 2122 jubet,
291 2080 328 2109 et
355 2074 406 2118 id,
421 2074 520 2122 quod
547 2074 587 2110 in
606 2075 808 2123 praesentia
826 2075 1137 2111 vestimentorum
1163 2074 1244 2119 fuit,
1265 2076 1354 2111 arri-

158 2125 248 2172 puit.
288 2125 363 2162 His
383 2126 424 2162 in
442 2127 571 2174 ignem
591 2127 738 2175 ejectis,
754 2127 912 2163 flammae
931 2127 1010 2163 vim
1027 2126 1188 2163 transiit.
1228 2127 1354 2169 Quem
1381 2128 1403 2164 6

159 2184 197 2212 ut
225 2177 373 2213 barbari
404 2178 623 2214 incendium
654 2179 837 2227 effugisse
867 2178 1052 2223 viderunt,
1083 2179 1170 2215 telis
1206 2179 1353 2216 eminus

158 2227 288 2264 missis
309 2229 591 2274 interfecerunt,
613 2238 797 2278 caputque
819 2231 901 2280 ejus
922 2231 970 2267 ad
990 2231 1278 2267 Pharnabazum
1294 2243 1354 2267 re-

158 2280 333 2316 tulerunt.
403 2282 453 2316 At
482 2282 630 2327 mulier,
663 2295 745 2330 quae
780 2295 866 2318 cum
903 2295 949 2318 eo
981 2282 1110 2319 vivere
1140 2289 1353 2327 consuerat,

158 2331 332 2367 muliebri
351 2344 421 2367 sua
439 2340 545 2368 veste
567 2341 781 2370 contectum
801 2334 953 2370 aedificii
971 2334 1150 2370 incendio
1169 2341 1352 2371 mortuum

159 2383 352 2427 cremavit,
365 2383 463 2431 quod
479 2384 526 2420 ad
544 2385 671 2420 vivum
685 2385 975 2421 interimendum
994 2392 1074 2421 erat
1087 2393 1354 2434 comparatum.

161 2435 228 2471 Sic
249 2435 484 2480 Alcibiades,
500 2448 619 2472 annos
640 2436 792 2473 circiter
809 2436 1056 2486 quadraginta
1072 2444 1196 2483 natus,
1251 2464 1301 2489 404

162 2485 261 2524 diem
279 2487 373 2524 obiit
390 2500 619 2537 supremum.
1218 2503 1244 2521 a.
1262 2497 1294 2522 c.
1310 2503 1338 2537 ρ.
