<?xml version="1.0" encoding="UTF-8"?>
<!DOCTYPE html PUBLIC "-//W3C//DTD XHTML 1.0 Transitional//EN"
    "http://www.w3.org/TR/xhtml1/DTD/xhtml1-transitional.dtd">
<html xmlns="http://www.w3.org/1999/xhtml" xml:lang="en" lang="en">
 <head>
  <title>
</title>
<meta http-equiv="Content-Type" content="text/html;charset=utf-8" />
  <meta name='ocr-system' content='tesseract 3.04.00' />
  <meta name='ocr-capabilities' content='ocr_page ocr_carea ocr_par ocr_line ocrx_word'/>
</head>
<body>
  <div class='ocr_page' id='page_1' title='image "./corneliusneposs00nepouoft_0116.png"; bbox 0 0 1651 2790; ppageno 0'>
   <div class='ocr_carea' id='block_1_1' title="bbox 228 239 1283 295">
    <p class='ocr_par' dir='ltr' id='par_1_1' title="bbox 228 239 1283 295">
     <span class='ocr_line' id='line_1_1' title="bbox 228 239 1283 295; baseline 0.001 -15"><span class='ocrx_word' id='word_1_1' title='bbox 228 243 305 280; x_wconf 79' lang='lat'>104</span> <span class='ocrx_word' id='word_1_2' title='bbox 376 239 543 281; x_wconf 53' lang='lat' dir='ltr'>XXV&lt;</span> <span class='ocrx_word' id='word_1_3' title='bbox 585 245 646 281; x_wconf 89' lang='lat'>13.</span> <span class='ocrx_word' id='word_1_4' title='bbox 711 239 778 294; x_wconf 92' lang='lat' dir='ltr'>(T.</span> <span class='ocrx_word' id='word_1_5' title='bbox 801 239 1063 293; x_wconf 78' lang='lat' dir='ltr'><em>Pomponius</em></span> <span class='ocrx_word' id='word_1_6' title='bbox 1083 240 1283 295; x_wconf 76' lang='lat' dir='ltr'>Atticus.)</span> 
     </span>
    </p>
   </div>
   <div class='ocr_carea' id='block_1_2' title="bbox 214 341 1429 2538">
    <p class='ocr_par' dir='ltr' id='par_1_2' title="bbox 216 341 1429 1545">
     <span class='ocr_line' id='line_1_2' title="bbox 221 341 1422 393; baseline 0.002 -15"><span class='ocrx_word' id='word_1_7' title='bbox 221 341 332 378; x_wconf 88' lang='lat' dir='ltr'>liator</span> <span class='ocrx_word' id='word_1_8' title='bbox 353 341 422 378; x_wconf 90' lang='lat' dir='ltr'>fuit</span> <span class='ocrx_word' id='word_1_9' title='bbox 443 342 536 391; x_wconf 90' lang='lat' dir='ltr'>(non</span> <span class='ocrx_word' id='word_1_10' title='bbox 557 349 614 379; x_wconf 88' lang='lat' dir='ltr'>est</span> <span class='ocrx_word' id='word_1_11' title='bbox 633 343 735 378; x_wconf 88' lang='lat' dir='ltr'>enim</span> <span class='ocrx_word' id='word_1_12' title='bbox 749 342 972 393; x_wconf 89' lang='lat' dir='ltr'>celandum)</span> <span class='ocrx_word' id='word_1_13' title='bbox 994 342 1048 379; x_wconf 91' lang='lat' dir='ltr'>M.</span> <span class='ocrx_word' id='word_1_14' title='bbox 1073 343 1276 388; x_wconf 88' lang='lat' dir='ltr'>Antonius,</span> <span class='ocrx_word' id='word_1_15' title='bbox 1297 344 1422 380; x_wconf 82' lang='lat' dir='ltr'>trium-</span> 
     </span>
     <span class='ocr_line' id='line_1_3' title="bbox 222 394 1425 446; baseline 0.003 -17"><span class='ocrx_word' id='word_1_16' title='bbox 222 394 285 430; x_wconf 87' lang='lat' dir='ltr'>vir</span> <span class='ocrx_word' id='word_1_17' title='bbox 305 395 527 443; x_wconf 84' lang='lat' dir='ltr'>reipublicae</span> <span class='ocrx_word' id='word_1_18' title='bbox 544 395 841 432; x_wconf 61' lang='lat' dir='ltr'>constituendae:</span> <span class='ocrx_word' id='word_1_19' title='bbox 871 396 984 444; x_wconf 87' lang='lat' dir='ltr'>cujus</span> <span class='ocrx_word' id='word_1_20' title='bbox 1005 396 1129 444; x_wconf 82' lang='lat' dir='ltr'>gratia</span> <span class='ocrx_word' id='word_1_21' title='bbox 1148 408 1267 444; x_wconf 91' lang='lat' dir='ltr'>quum</span> <span class='ocrx_word' id='word_1_22' title='bbox 1288 409 1425 446; x_wconf 77' lang='lat' dir='ltr'>augere</span> 
     </span>
     <span class='ocr_line' id='line_1_4' title="bbox 220 448 1428 497; baseline 0 -14"><span class='ocrx_word' id='word_1_23' title='bbox 220 448 476 495; x_wconf 89' lang='lat' dir='ltr'>possessiones</span> <span class='ocrx_word' id='word_1_24' title='bbox 509 454 633 496; x_wconf 87' lang='lat' dir='ltr'>posset</span> <span class='ocrx_word' id='word_1_25' title='bbox 662 460 764 492; x_wconf 90' lang='lat' dir='ltr'>suas,</span> <span class='ocrx_word' id='word_1_26' title='bbox 785 455 933 484; x_wconf 88' lang='lat' dir='ltr'>tantum</span> <span class='ocrx_word' id='word_1_27' title='bbox 956 448 1077 484; x_wconf 84' lang='lat' dir='ltr'>abfuit</span> <span class='ocrx_word' id='word_1_28' title='bbox 1098 460 1120 483; x_wconf 90' lang='lat' dir='ltr'>a</span> <span class='ocrx_word' id='word_1_29' title='bbox 1140 449 1346 496; x_wconf 88' lang='lat' dir='ltr'>cupiditate</span> <span class='ocrx_word' id='word_1_30' title='bbox 1367 462 1428 497; x_wconf 82' lang='lat' dir='ltr'>pe.</span> 
     </span>
     <span class='ocr_line' id='line_1_5' title="bbox 220 500 1429 549; baseline 0.002 -14"><span class='ocrx_word' id='word_1_31' title='bbox 220 500 357 544; x_wconf 81' lang='lat' dir='ltr'>cuniae,</span> <span class='ocrx_word' id='word_1_32' title='bbox 381 506 422 535; x_wconf 88' lang='lat' dir='ltr'>ut</span> <span class='ocrx_word' id='word_1_33' title='bbox 453 501 560 536; x_wconf 89' lang='lat' dir='ltr'>nulla</span> <span class='ocrx_word' id='word_1_34' title='bbox 593 501 632 536; x_wconf 91' lang='lat' dir='ltr'>in</span> <span class='ocrx_word' id='word_1_35' title='bbox 660 513 700 536; x_wconf 90' lang='lat' dir='ltr'>re</span> <span class='ocrx_word' id='word_1_36' title='bbox 723 512 817 537; x_wconf 90' lang='lat' dir='ltr'>usus</span> <span class='ocrx_word' id='word_1_37' title='bbox 845 501 893 536; x_wconf 87' lang='lat' dir='ltr'>sit</span> <span class='ocrx_word' id='word_1_38' title='bbox 924 513 981 544; x_wconf 89' lang='lat' dir='ltr'>ea,</span> <span class='ocrx_word' id='word_1_39' title='bbox 1004 501 1076 536; x_wconf 89' lang='lat' dir='ltr'>nisi</span> <span class='ocrx_word' id='word_1_40' title='bbox 1109 501 1146 535; x_wconf 91' lang='lat' dir='ltr'>in</span> <span class='ocrx_word' id='word_1_41' title='bbox 1181 500 1429 549; x_wconf 77' lang='lat' dir='ltr'>deprecandis</span> 
     </span>
     <span class='ocr_line' id='line_1_6' title="bbox 224 552 1425 602; baseline 0.002 -14"><span class='ocrx_word' id='word_1_42' title='bbox 224 553 436 588; x_wconf 86' lang='lat' dir='ltr'>amicorum</span> <span class='ocrx_word' id='word_1_43' title='bbox 466 559 533 589; x_wconf 89' lang='lat' dir='ltr'>aut</span> <span class='ocrx_word' id='word_1_44' title='bbox 566 553 762 602; x_wconf 89' lang='lat' dir='ltr'>periculis,</span> <span class='ocrx_word' id='word_1_45' title='bbox 794 560 859 589; x_wconf 90' lang='lat' dir='ltr'>aut</span> <span class='ocrx_word' id='word_1_46' title='bbox 888 552 1148 589; x_wconf 82' lang='lat' dir='ltr'>incommodis.</span> <span class='ocrx_word' id='word_1_47' title='bbox 1206 553 1318 594; x_wconf 81' lang='lat' dir='ltr'>Quod</span> <span class='ocrx_word' id='word_1_48' title='bbox 1347 555 1425 602; x_wconf 85' lang='lat' dir='ltr'>qui-</span> 
     </span>
     <span class='ocr_line' id='line_1_7' title="bbox 220 603 1429 654; baseline 0.002 -15"><span class='ocrx_word' id='word_1_49' title='bbox 220 603 304 640; x_wconf 89' lang='lat' dir='ltr'>dem</span> <span class='ocrx_word' id='word_1_50' title='bbox 326 605 397 640; x_wconf 77' lang='lat' dir='ltr'>sub</span> <span class='ocrx_word' id='word_1_51' title='bbox 418 606 499 652; x_wconf 88' lang='lat' dir='ltr'>ipsa</span> <span class='ocrx_word' id='word_1_52' title='bbox 524 606 797 654; x_wconf 86' lang='lat' dir='ltr'>proscriptione</span> <span class='ocrx_word' id='word_1_53' title='bbox 818 605 1036 654; x_wconf 83' lang='lat' dir='ltr'>perillustre</span> <span class='ocrx_word' id='word_1_54' title='bbox 1058 604 1142 641; x_wconf 85' lang='lat' dir='ltr'>fuit.</span> <span class='ocrx_word' id='word_1_55' title='bbox 1189 604 1293 642; x_wconf 88' lang='lat' dir='ltr'>Nam</span> <span class='ocrx_word' id='word_1_56' title='bbox 1310 618 1429 654; x_wconf 89' lang='lat' dir='ltr'>quum</span> 
     </span>
     <span class='ocr_line' id='line_1_8' title="bbox 220 655 1429 706; baseline 0.001 -13"><span class='ocrx_word' id='word_1_57' title='bbox 220 655 268 693; x_wconf 91' lang='lat' dir='ltr'>L.</span> <span class='ocrx_word' id='word_1_58' title='bbox 292 656 453 701; x_wconf 82' lang='lat' dir='ltr'>Saufeii,</span> <span class='ocrx_word' id='word_1_59' title='bbox 476 658 613 706; x_wconf 88' lang='lat' dir='ltr'>equitis</span> <span class='ocrx_word' id='word_1_60' title='bbox 634 657 809 701; x_wconf 84' lang='lat' dir='ltr'>Romani,</span> <span class='ocrx_word' id='word_1_61' title='bbox 832 658 992 706; x_wconf 85' lang='lat' dir='ltr'>aequalis</span> <span class='ocrx_word' id='word_1_62' title='bbox 1021 657 1094 700; x_wconf 85' lang='lat' dir='ltr'>sui,</span> <span class='ocrx_word' id='word_1_63' title='bbox 1116 658 1182 705; x_wconf 93' lang='lat' dir='ltr'>qui</span> <span class='ocrx_word' id='word_1_64' title='bbox 1212 658 1429 706; x_wconf 86' lang='lat' dir='ltr'>complures</span> 
     </span>
     <span class='ocr_line' id='line_1_9' title="bbox 221 709 1427 758; baseline 0.002 -14"><span class='ocrx_word' id='word_1_65' title='bbox 221 721 351 754; x_wconf 86' lang='lat' dir='ltr'>annos,</span> <span class='ocrx_word' id='word_1_66' title='bbox 394 709 514 746; x_wconf 57' lang='lat' dir='ltr'>¹¹tudio</span> <span class='ocrx_word' id='word_1_67' title='bbox 551 709 688 746; x_wconf 91' lang='lat' dir='ltr'>ductus</span> <span class='ocrx_word' id='word_1_68' title='bbox 726 709 981 758; x_wconf 84' lang='lat' dir='ltr'>philosophiae,</span> <span class='ocrx_word' id='word_1_69' title='bbox 1018 709 1181 745; x_wconf 82' lang='lat' dir='ltr'>Athenis</span> <span class='ocrx_word' id='word_1_70' title='bbox 1220 710 1427 754; x_wconf 82' lang='lat' dir='ltr'>habitabat,</span> 
     </span>
     <span class='ocr_line' id='line_1_10' title="bbox 219 761 1429 810; baseline 0.002 -14"><span class='ocrx_word' id='word_1_71' title='bbox 219 761 459 810; x_wconf 75' lang='lat' dir='ltr'>habebatque</span> <span class='ocrx_word' id='word_1_72' title='bbox 496 762 535 798; x_wconf 90' lang='lat' dir='ltr'>in</span> <span class='ocrx_word' id='word_1_73' title='bbox 567 762 679 799; x_wconf 86' lang='lat' dir='ltr'>Italia</span> <span class='ocrx_word' id='word_1_74' title='bbox 709 763 892 810; x_wconf 88' lang='lat' dir='ltr'>pretiosas</span> <span class='ocrx_word' id='word_1_75' title='bbox 930 762 1195 810; x_wconf 81' lang='lat' dir='ltr'>possessiones,</span> <span class='ocrx_word' id='word_1_76' title='bbox 1235 763 1429 799; x_wconf 84' lang='lat' dir='ltr'>triumviri</span> 
     </span>
     <span class='ocr_line' id='line_1_11' title="bbox 221 813 1429 864; baseline 0.001 -15"><span class='ocrx_word' id='word_1_77' title='bbox 221 813 317 850; x_wconf 89' lang='lat' dir='ltr'>bona</span> <span class='ocrx_word' id='word_1_78' title='bbox 335 814 592 851; x_wconf 85' lang='lat' dir='ltr'>vendidissent</span> <span class='ocrx_word' id='word_1_79' title='bbox 625 814 899 851; x_wconf 88' lang='lat' dir='ltr'>consuetudine</span> <span class='ocrx_word' id='word_1_80' title='bbox 930 826 988 858; x_wconf 86' lang='lat' dir='ltr'>ea,</span> <span class='ocrx_word' id='word_1_81' title='bbox 1011 827 1087 862; x_wconf 87' lang='lat' dir='ltr'>qua</span> <span class='ocrx_word' id='word_1_82' title='bbox 1120 821 1200 850; x_wconf 86' lang='lat' dir='ltr'>tum</span> <span class='ocrx_word' id='word_1_83' title='bbox 1232 827 1292 851; x_wconf 86' lang='lat' dir='ltr'>res</span> <span class='ocrx_word' id='word_1_84' title='bbox 1321 828 1429 864; x_wconf 74' lang='lat' dir='ltr'>gere-</span> 
     </span>
     <span class='ocr_line' id='line_1_12' title="bbox 218 865 1429 915; baseline 0.002 -14"><span class='ocrx_word' id='word_1_85' title='bbox 218 866 376 902; x_wconf 86' lang='lat' dir='ltr'>bantur:</span> <span class='ocrx_word' id='word_1_86' title='bbox 420 867 541 903; x_wconf 83' lang='lat' dir='ltr'>Attici</span> <span class='ocrx_word' id='word_1_87' title='bbox 576 867 705 903; x_wconf 86' lang='lat' dir='ltr'>labore</span> <span class='ocrx_word' id='word_1_88' title='bbox 737 874 850 915; x_wconf 90' lang='lat' dir='ltr'>atque</span> <span class='ocrx_word' id='word_1_89' title='bbox 888 866 1074 903; x_wconf 89' lang='lat' dir='ltr'>industria</span> <span class='ocrx_word' id='word_1_90' title='bbox 1109 865 1253 903; x_wconf 85' lang='lat' dir='ltr'>factum</span> <span class='ocrx_word' id='word_1_91' title='bbox 1287 875 1354 911; x_wconf 89' lang='lat' dir='ltr'>est,</span> <span class='ocrx_word' id='word_1_92' title='bbox 1388 874 1429 904; x_wconf 86' lang='lat' dir='ltr'>ut</span> 
     </span>
     <span class='ocr_line' id='line_1_13' title="bbox 219 918 1427 967; baseline 0.002 -13"><span class='ocrx_word' id='word_1_93' title='bbox 219 918 350 954; x_wconf 82' lang='lat' dir='ltr'>eodem</span> <span class='ocrx_word' id='word_1_94' title='bbox 384 920 516 955; x_wconf 91' lang='lat' dir='ltr'>nuntio</span> <span class='ocrx_word' id='word_1_95' title='bbox 547 918 729 956; x_wconf 85' lang='lat' dir='ltr'>Saufeius</span> <span class='ocrx_word' id='word_1_96' title='bbox 761 919 869 955; x_wconf 91' lang='lat' dir='ltr'>fieret</span> <span class='ocrx_word' id='word_1_97' title='bbox 902 920 1051 963; x_wconf 80' lang='lat' dir='ltr'>certior,</span> <span class='ocrx_word' id='word_1_98' title='bbox 1087 931 1126 954; x_wconf 90' lang='lat' dir='ltr'>se</span> <span class='ocrx_word' id='word_1_99' title='bbox 1156 920 1427 967; x_wconf 83' lang='lat' dir='ltr'>patrimonium</span> 
     </span>
     <span class='ocr_line' id='line_1_14' title="bbox 220 970 1426 1021; baseline 0.002 -16"><span class='ocrx_word' id='word_1_100' title='bbox 220 971 391 1008; x_wconf 88' lang='lat' dir='ltr'>amisisse</span> <span class='ocrx_word' id='word_1_101' title='bbox 429 978 466 1007; x_wconf 91' lang='lat' dir='ltr'>et</span> <span class='ocrx_word' id='word_1_102' title='bbox 501 984 763 1021; x_wconf 86' lang='lat' dir='ltr'>recuperasse.</span> <span class='ocrx_word' id='word_1_103' title='bbox 821 971 926 1008; x_wconf 87' lang='lat' dir='ltr'>Idem</span> <span class='ocrx_word' id='word_1_104' title='bbox 964 970 1012 1008; x_wconf 88' lang='lat' dir='ltr'>L.</span> <span class='ocrx_word' id='word_1_105' title='bbox 1052 970 1200 1006; x_wconf 87' lang='lat' dir='ltr'>Julium</span> <span class='ocrx_word' id='word_1_106' title='bbox 1234 971 1426 1017; x_wconf 72' lang='lat' dir='ltr'>Calidum,</span> 
     </span>
     <span class='ocr_line' id='line_1_15' title="bbox 217 1023 1426 1074; baseline 0.002 -15"><span class='ocrx_word' id='word_1_107' title='bbox 217 1035 332 1071; x_wconf 86' lang='lat' dir='ltr'>quem</span> <span class='ocrx_word' id='word_1_108' title='bbox 353 1029 432 1073; x_wconf 89' lang='lat' dir='ltr'>post</span> <span class='ocrx_word' id='word_1_109' title='bbox 463 1023 638 1061; x_wconf 87' lang='lat' dir='ltr'>Lucretii</span> <span class='ocrx_word' id='word_1_110' title='bbox 667 1023 887 1072; x_wconf 87' lang='lat' dir='ltr'>Catullique</span> <span class='ocrx_word' id='word_1_111' title='bbox 909 1030 1065 1060; x_wconf 85' lang='lat' dir='ltr'>mortem</span> <span class='ocrx_word' id='word_1_112' title='bbox 1086 1023 1204 1060; x_wconf 88' lang='lat' dir='ltr'>multo</span> <span class='ocrx_word' id='word_1_113' title='bbox 1225 1024 1426 1074; x_wconf 84' lang='lat' dir='ltr'>elegantis-</span> 
     </span>
     <span class='ocr_line' id='line_1_16' title="bbox 218 1076 1428 1126; baseline 0.002 -15"><span class='ocrx_word' id='word_1_114' title='bbox 218 1076 356 1112; x_wconf 82' lang='lat' dir='ltr'>simum</span> <span class='ocrx_word' id='word_1_115' title='bbox 378 1080 526 1124; x_wconf 71' lang='lat' dir='ltr'>poetam</span> <span class='ocrx_word' id='word_1_116' title='bbox 545 1084 714 1113; x_wconf 88' lang='lat' dir='ltr'>nostram</span> <span class='ocrx_word' id='word_1_117' title='bbox 734 1077 866 1113; x_wconf 91' lang='lat' dir='ltr'>tulisse</span> <span class='ocrx_word' id='word_1_118' title='bbox 888 1083 1036 1113; x_wconf 87' lang='lat' dir='ltr'>aetatem</span> <span class='ocrx_word' id='word_1_119' title='bbox 1056 1088 1146 1112; x_wconf 90' lang='lat' dir='ltr'>vere</span> <span class='ocrx_word' id='word_1_120' title='bbox 1167 1076 1298 1112; x_wconf 88' lang='lat' dir='ltr'>videor</span> <span class='ocrx_word' id='word_1_121' title='bbox 1318 1090 1428 1126; x_wconf 84' lang='lat' dir='ltr'>posse</span> 
     </span>
     <span class='ocr_line' id='line_1_17' title="bbox 218 1128 1427 1178; baseline 0.002 -15"><span class='ocrx_word' id='word_1_122' title='bbox 218 1128 457 1172; x_wconf 82' lang='lat' dir='ltr'>contendere,</span> <span class='ocrx_word' id='word_1_123' title='bbox 479 1141 603 1178; x_wconf 90' lang='lat' dir='ltr'>neque</span> <span class='ocrx_word' id='word_1_124' title='bbox 633 1130 760 1166; x_wconf 86' lang='lat' dir='ltr'>minus</span> <span class='ocrx_word' id='word_1_125' title='bbox 780 1129 906 1165; x_wconf 84' lang='lat' dir='ltr'>virum</span> <span class='ocrx_word' id='word_1_126' title='bbox 940 1129 1079 1166; x_wconf 91' lang='lat' dir='ltr'>bonum</span> <span class='ocrx_word' id='word_1_127' title='bbox 1112 1129 1337 1178; x_wconf 67' lang='lat' dir='ltr'>optimisque</span> <span class='ocrx_word' id='word_1_128' title='bbox 1369 1142 1427 1166; x_wconf 87' lang='lat' dir='ltr'>ar-</span> 
     </span>
     <span class='ocr_line' id='line_1_18' title="bbox 217 1180 1427 1231; baseline 0.002 -15"><span class='ocrx_word' id='word_1_129' title='bbox 217 1180 319 1217; x_wconf 90' lang='lat' dir='ltr'>tibus</span> <span class='ocrx_word' id='word_1_130' title='bbox 356 1180 560 1226; x_wconf 89' lang='lat' dir='ltr'>eruditum,</span> <span class='ocrx_word' id='word_1_131' title='bbox 600 1189 682 1231; x_wconf 88' lang='lat' dir='ltr'>post</span> <span class='ocrx_word' id='word_1_132' title='bbox 719 1182 1031 1230; x_wconf 87' lang='lat' dir='ltr'>proscriptionem</span> <span class='ocrx_word' id='word_1_133' title='bbox 1070 1181 1240 1229; x_wconf 89' lang='lat' dir='ltr'>equitum</span> <span class='ocrx_word' id='word_1_134' title='bbox 1277 1189 1427 1230; x_wconf 86' lang='lat' dir='ltr'>propter</span> 
     </span>
     <span class='ocr_line' id='line_1_19' title="bbox 218 1234 1426 1283; baseline 0.002 -15"><span class='ocrx_word' id='word_1_135' title='bbox 218 1245 380 1282; x_wconf 78' lang='lat' dir='ltr'>magnas</span> <span class='ocrx_word' id='word_1_136' title='bbox 415 1234 500 1282; x_wconf 85' lang='lat' dir='ltr'>ejus</span> <span class='ocrx_word' id='word_1_137' title='bbox 530 1234 738 1270; x_wconf 86' lang='lat' dir='ltr'>Africanas</span> <span class='ocrx_word' id='word_1_138' title='bbox 771 1235 1026 1283; x_wconf 84' lang='lat' dir='ltr'>possessiones</span> <span class='ocrx_word' id='word_1_139' title='bbox 1056 1235 1093 1269; x_wconf 92' lang='lat' dir='ltr'>in</span> <span class='ocrx_word' id='word_1_140' title='bbox 1129 1235 1426 1283; x_wconf 85' lang='lat' dir='ltr'>proscriptorum</span> 
     </span>
     <span class='ocr_line' id='line_1_20' title="bbox 217 1285 1425 1335; baseline 0.002 -15"><span class='ocrx_word' id='word_1_141' title='bbox 217 1297 423 1322; x_wconf 86' lang='lat' dir='ltr'>numerum</span> <span class='ocrx_word' id='word_1_142' title='bbox 454 1299 476 1322; x_wconf 91' lang='lat' dir='ltr'>a</span> <span class='ocrx_word' id='word_1_143' title='bbox 514 1286 556 1323; x_wconf 91' lang='lat' dir='ltr'>P.</span> <span class='ocrx_word' id='word_1_144' title='bbox 594 1287 813 1331; x_wconf 85' lang='lat' dir='ltr'>Volumnio,</span> <span class='ocrx_word' id='word_1_145' title='bbox 846 1285 1024 1335; x_wconf 68' lang='lat' dir='ltr'>praefecto</span> <span class='ocrx_word' id='word_1_146' title='bbox 1063 1285 1214 1322; x_wconf 87' lang='lat' dir='ltr'>fabrum</span> <span class='ocrx_word' id='word_1_147' title='bbox 1254 1288 1425 1331; x_wconf 87' lang='lat' dir='ltr'>Antonii,</span> 
     </span>
     <span class='ocr_line' id='line_1_21' title="bbox 218 1338 1427 1388; baseline 0.002 -15"><span class='ocrx_word' id='word_1_148' title='bbox 218 1338 412 1374; x_wconf 86' lang='lat' dir='ltr'>absentem</span> <span class='ocrx_word' id='word_1_149' title='bbox 435 1338 610 1383; x_wconf 88' lang='lat' dir='ltr'>relatum,</span> <span class='ocrx_word' id='word_1_150' title='bbox 633 1339 836 1388; x_wconf 88' lang='lat' dir='ltr'>expedivit.</span> <span class='ocrx_word' id='word_1_151' title='bbox 906 1338 1018 1380; x_wconf 81' lang='lat' dir='ltr'>Quod</span> <span class='ocrx_word' id='word_1_152' title='bbox 1039 1339 1078 1374; x_wconf 90' lang='lat' dir='ltr'>in</span> <span class='ocrx_word' id='word_1_153' title='bbox 1099 1339 1276 1387; x_wconf 84' lang='lat' dir='ltr'>praesenti</span> <span class='ocrx_word' id='word_1_154' title='bbox 1297 1346 1427 1375; x_wconf 86' lang='lat' dir='ltr'>utrum</span> 
     </span>
     <span class='ocr_line' id='line_1_22' title="bbox 217 1390 1426 1440; baseline 0.002 -14"><span class='ocrx_word' id='word_1_155' title='bbox 217 1391 253 1426; x_wconf 86' lang='lat' dir='ltr'>ei</span> <span class='ocrx_word' id='word_1_156' title='bbox 273 1390 500 1427; x_wconf 87' lang='lat' dir='ltr'>laboriosius</span> <span class='ocrx_word' id='word_1_157' title='bbox 521 1404 568 1428; x_wconf 90' lang='lat' dir='ltr'>an</span> <span class='ocrx_word' id='word_1_158' title='bbox 589 1391 790 1440; x_wconf 84' lang='lat' dir='ltr'>gloriosius</span> <span class='ocrx_word' id='word_1_159' title='bbox 812 1390 937 1435; x_wconf 83' lang='lat' dir='ltr'>fuerit,</span> <span class='ocrx_word' id='word_1_160' title='bbox 959 1391 1114 1427; x_wconf 88' lang='lat' dir='ltr'>difficile</span> <span class='ocrx_word' id='word_1_161' title='bbox 1137 1390 1207 1426; x_wconf 89' lang='lat' dir='ltr'>fuit</span> <span class='ocrx_word' id='word_1_162' title='bbox 1223 1391 1426 1439; x_wconf 84' lang='lat' dir='ltr'>judicare:</span> 
     </span>
     <span class='ocr_line' id='line_1_23' title="bbox 217 1443 1427 1493; baseline 0.002 -15"><span class='ocrx_word' id='word_1_163' title='bbox 217 1443 315 1490; x_wconf 88' lang='lat' dir='ltr'>quod</span> <span class='ocrx_word' id='word_1_164' title='bbox 336 1443 375 1478; x_wconf 90' lang='lat' dir='ltr'>in</span> <span class='ocrx_word' id='word_1_165' title='bbox 395 1456 528 1479; x_wconf 90' lang='lat' dir='ltr'>eorum</span> <span class='ocrx_word' id='word_1_166' title='bbox 549 1444 743 1493; x_wconf 89' lang='lat' dir='ltr'>periculis,</span> <span class='ocrx_word' id='word_1_167' title='bbox 762 1456 836 1480; x_wconf 91' lang='lat' dir='ltr'>non</span> <span class='ocrx_word' id='word_1_168' title='bbox 857 1456 970 1480; x_wconf 89' lang='lat' dir='ltr'>secus</span> <span class='ocrx_word' id='word_1_169' title='bbox 992 1443 1178 1487; x_wconf 85' lang='lat' dir='ltr'>absentes,</span> <span class='ocrx_word' id='word_1_170' title='bbox 1199 1456 1314 1492; x_wconf 84' lang='lat' dir='ltr'>quam</span> <span class='ocrx_word' id='word_1_171' title='bbox 1332 1456 1427 1493; x_wconf 85' lang='lat' dir='ltr'>prae-</span> 
     </span>
     <span class='ocr_line' id='line_1_24' title="bbox 216 1496 1201 1545; baseline 0.002 -15"><span class='ocrx_word' id='word_1_172' title='bbox 216 1503 341 1531; x_wconf 80' lang='lat' dir='ltr'>sentes</span> <span class='ocrx_word' id='word_1_173' title='bbox 362 1496 504 1532; x_wconf 87' lang='lat' dir='ltr'>amicos</span> <span class='ocrx_word' id='word_1_174' title='bbox 525 1496 656 1533; x_wconf 89' lang='lat' dir='ltr'>Attico</span> <span class='ocrx_word' id='word_1_175' title='bbox 677 1509 759 1532; x_wconf 87' lang='lat' dir='ltr'>esse</span> <span class='ocrx_word' id='word_1_176' title='bbox 779 1508 896 1540; x_wconf 82' lang='lat' dir='ltr'>curae,</span> <span class='ocrx_word' id='word_1_177' title='bbox 918 1497 1113 1545; x_wconf 83' lang='lat' dir='ltr'>cognitum</span> <span class='ocrx_word' id='word_1_178' title='bbox 1133 1502 1201 1532; x_wconf 90' lang='lat' dir='ltr'>est.</span> 
     </span>
    </p>

    <p class='ocr_par' dir='ltr' id='par_1_3' title="bbox 214 1547 1426 2538">
     <span class='ocr_line' id='line_1_25' title="bbox 272 1547 1426 1597; baseline 0.001 -12"><span class='ocrx_word' id='word_1_179' title='bbox 272 1547 377 1585; x_wconf 88' lang='lat' dir='ltr'>XIII.</span> <span class='ocrx_word' id='word_1_180' title='bbox 410 1548 550 1597; x_wconf 86' lang='lat' dir='ltr'>Neque</span> <span class='ocrx_word' id='word_1_181' title='bbox 570 1561 661 1585; x_wconf 86' lang='lat' dir='ltr'>vero</span> <span class='ocrx_word' id='word_1_182' title='bbox 681 1549 807 1585; x_wconf 89' lang='lat' dir='ltr'>minus</span> <span class='ocrx_word' id='word_1_183' title='bbox 836 1549 902 1585; x_wconf 89' lang='lat' dir='ltr'>ille</span> <span class='ocrx_word' id='word_1_184' title='bbox 923 1548 982 1584; x_wconf 85' lang='lat' dir='ltr'>vir</span> <span class='ocrx_word' id='word_1_185' title='bbox 1008 1549 1129 1584; x_wconf 92' lang='lat' dir='ltr'>bonus</span> <span class='ocrx_word' id='word_1_186' title='bbox 1149 1548 1426 1597; x_wconf 86' lang='lat' dir='ltr'>paterfamilias</span> 
     </span>
     <span class='ocr_line' id='line_1_26' title="bbox 216 1599 1425 1650; baseline 0.002 -14"><span class='ocrx_word' id='word_1_187' title='bbox 216 1599 369 1637; x_wconf 87' lang='lat' dir='ltr'>habitus</span> <span class='ocrx_word' id='word_1_188' title='bbox 390 1608 457 1645; x_wconf 88' lang='lat' dir='ltr'>est,</span> <span class='ocrx_word' id='word_1_189' title='bbox 485 1614 602 1650; x_wconf 90' lang='lat' dir='ltr'>quam</span> <span class='ocrx_word' id='word_1_190' title='bbox 631 1602 739 1638; x_wconf 80' lang='lat' dir='ltr'>civis.</span> <span class='ocrx_word' id='word_1_191' title='bbox 797 1601 903 1637; x_wconf 91' lang='lat' dir='ltr'>Nam</span> <span class='ocrx_word' id='word_1_192' title='bbox 923 1613 1042 1650; x_wconf 88' lang='lat' dir='ltr'>quum</span> <span class='ocrx_word' id='word_1_193' title='bbox 1064 1608 1163 1637; x_wconf 85' lang='lat' dir='ltr'>esset</span> <span class='ocrx_word' id='word_1_194' title='bbox 1183 1602 1425 1649; x_wconf 89' lang='lat' dir='ltr'>pecuniosus,</span> 
     </span>
     <span class='ocr_line' id='line_1_27' title="bbox 216 1653 1425 1701; baseline 0.002 -13"><span class='ocrx_word' id='word_1_195' title='bbox 216 1665 326 1689; x_wconf 89' lang='lat' dir='ltr'>nemo</span> <span class='ocrx_word' id='word_1_196' title='bbox 355 1653 421 1689; x_wconf 91' lang='lat' dir='ltr'>illo</span> <span class='ocrx_word' id='word_1_197' title='bbox 450 1655 576 1690; x_wconf 91' lang='lat' dir='ltr'>minus</span> <span class='ocrx_word' id='word_1_198' title='bbox 612 1653 683 1690; x_wconf 87' lang='lat' dir='ltr'>fuit</span> <span class='ocrx_word' id='word_1_199' title='bbox 716 1666 840 1697; x_wconf 78' lang='lat' dir='ltr'>emax,</span> <span class='ocrx_word' id='word_1_200' title='bbox 862 1654 988 1688; x_wconf 88' lang='lat' dir='ltr'>minus</span> <span class='ocrx_word' id='word_1_201' title='bbox 1008 1653 1226 1689; x_wconf 64' lang='lat' dir='ltr'>aedificator.</span> <span class='ocrx_word' id='word_1_202' title='bbox 1284 1653 1425 1701; x_wconf 88' lang='lat' dir='ltr'>Neque</span> 
     </span>
     <span class='ocr_line' id='line_1_28' title="bbox 215 1705 1426 1755; baseline 0.001 -15"><span class='ocrx_word' id='word_1_203' title='bbox 215 1711 343 1741; x_wconf 85' lang='lat' dir='ltr'>tamen</span> <span class='ocrx_word' id='word_1_204' title='bbox 364 1718 436 1741; x_wconf 90' lang='lat' dir='ltr'>non</span> <span class='ocrx_word' id='word_1_205' title='bbox 458 1706 496 1742; x_wconf 92' lang='lat' dir='ltr'>in</span> <span class='ocrx_word' id='word_1_206' title='bbox 517 1707 649 1755; x_wconf 87' lang='lat' dir='ltr'>primis</span> <span class='ocrx_word' id='word_1_207' title='bbox 669 1706 764 1742; x_wconf 92' lang='lat' dir='ltr'>bene</span> <span class='ocrx_word' id='word_1_208' title='bbox 785 1705 980 1749; x_wconf 84' lang='lat' dir='ltr'>habitavit,</span> <span class='ocrx_word' id='word_1_209' title='bbox 1001 1705 1253 1753; x_wconf 90' lang='lat' dir='ltr'>omnibusque</span> <span class='ocrx_word' id='word_1_210' title='bbox 1274 1705 1426 1753; x_wconf 90' lang='lat' dir='ltr'>optimis</span> 
     </span>
     <span class='ocr_line' id='line_1_29' title="bbox 217 1757 1424 1798; baseline 0.002 -6"><span class='ocrx_word' id='word_1_211' title='bbox 217 1758 333 1793; x_wconf 90' lang='lat' dir='ltr'>rebus</span> <span class='ocrx_word' id='word_1_212' title='bbox 353 1770 446 1793; x_wconf 89' lang='lat' dir='ltr'>usus</span> <span class='ocrx_word' id='word_1_213' title='bbox 466 1765 535 1794; x_wconf 89' lang='lat' dir='ltr'>est.</span> <span class='ocrx_word' id='word_1_214' title='bbox 593 1758 698 1794; x_wconf 90' lang='lat' dir='ltr'>Nam</span> <span class='ocrx_word' id='word_1_215' title='bbox 719 1758 872 1793; x_wconf 89' lang='lat' dir='ltr'>domum</span> <span class='ocrx_word' id='word_1_216' title='bbox 893 1757 1024 1792; x_wconf 91' lang='lat' dir='ltr'>habuit</span> <span class='ocrx_word' id='word_1_217' title='bbox 1053 1757 1091 1792; x_wconf 92' lang='lat' dir='ltr'>in</span> <span class='ocrx_word' id='word_1_218' title='bbox 1111 1757 1208 1792; x_wconf 89' lang='lat' dir='ltr'>colle</span> <span class='ocrx_word' id='word_1_219' title='bbox 1229 1757 1424 1798; x_wconf 84' lang='lat' dir='ltr'>Quirinali</span> 
     </span>
     <span class='ocr_line' id='line_1_30' title="bbox 217 1808 1426 1858; baseline 0.002 -14"><span class='ocrx_word' id='word_1_220' title='bbox 217 1808 530 1857; x_wconf 85' lang='lat' dir='ltr'>Tamphilanam,</span> <span class='ocrx_word' id='word_1_221' title='bbox 553 1810 601 1845; x_wconf 88' lang='lat' dir='ltr'>ab</span> <span class='ocrx_word' id='word_1_222' title='bbox 623 1809 816 1845; x_wconf 88' lang='lat' dir='ltr'>avunculo</span> <span class='ocrx_word' id='word_1_223' title='bbox 845 1808 1053 1844; x_wconf 89' lang='lat' dir='ltr'>hereditate</span> <span class='ocrx_word' id='word_1_224' title='bbox 1084 1808 1280 1845; x_wconf 84' lang='lat' dir='ltr'>relictam:</span> <span class='ocrx_word' id='word_1_225' title='bbox 1311 1810 1426 1858; x_wconf 85' lang='lat' dir='ltr'>cujus</span> 
     </span>
     <span class='ocr_line' id='line_1_31' title="bbox 217 1860 1424 1910; baseline 0.001 -13"><span class='ocrx_word' id='word_1_226' title='bbox 217 1861 420 1897; x_wconf 84' lang='lat' dir='ltr'>amoenitas</span> <span class='ocrx_word' id='word_1_227' title='bbox 440 1873 513 1897; x_wconf 87' lang='lat' dir='ltr'>non</span> <span class='ocrx_word' id='word_1_228' title='bbox 534 1862 704 1906; x_wconf 74' lang='lat' dir='ltr'>aedificio,</span> <span class='ocrx_word' id='word_1_229' title='bbox 726 1861 790 1897; x_wconf 86' lang='lat' dir='ltr'>sed</span> <span class='ocrx_word' id='word_1_230' title='bbox 811 1861 909 1897; x_wconf 89' lang='lat' dir='ltr'>silva</span> <span class='ocrx_word' id='word_1_231' title='bbox 925 1861 1134 1897; x_wconf 85' lang='lat' dir='ltr'>constabat.</span> <span class='ocrx_word' id='word_1_232' title='bbox 1177 1860 1305 1910; x_wconf 91' lang='lat' dir='ltr'>Ipsum</span> <span class='ocrx_word' id='word_1_233' title='bbox 1322 1863 1424 1898; x_wconf 89' lang='lat' dir='ltr'>enim</span> 
     </span>
     <span class='ocr_line' id='line_1_32' title="bbox 216 1913 1423 1963; baseline 0.001 -14"><span class='ocrx_word' id='word_1_234' title='bbox 216 1919 371 1957; x_wconf 88' lang='lat' dir='ltr'>tectum,</span> <span class='ocrx_word' id='word_1_235' title='bbox 394 1914 601 1962; x_wconf 89' lang='lat' dir='ltr'>antiquitus</span> <span class='ocrx_word' id='word_1_236' title='bbox 621 1914 877 1957; x_wconf 90' lang='lat' dir='ltr'>constitutum,</span> <span class='ocrx_word' id='word_1_237' title='bbox 893 1913 979 1961; x_wconf 91' lang='lat' dir='ltr'>plus</span> <span class='ocrx_word' id='word_1_238' title='bbox 999 1913 1101 1956; x_wconf 89' lang='lat' dir='ltr'>salis,</span> <span class='ocrx_word' id='word_1_239' title='bbox 1118 1925 1234 1961; x_wconf 91' lang='lat' dir='ltr'>quam</span> <span class='ocrx_word' id='word_1_240' title='bbox 1247 1921 1423 1963; x_wconf 88' lang='lat' dir='ltr'>sumptus</span> 
     </span>
     <span class='ocr_line' id='line_1_33' title="bbox 217 1965 1423 2014; baseline 0.002 -13"><span class='ocrx_word' id='word_1_241' title='bbox 217 1965 402 2002; x_wconf 86' lang='lat' dir='ltr'>habebat:</span> <span class='ocrx_word' id='word_1_242' title='bbox 433 1966 471 2002; x_wconf 90' lang='lat' dir='ltr'>in</span> <span class='ocrx_word' id='word_1_243' title='bbox 492 1978 567 2014; x_wconf 91' lang='lat' dir='ltr'>quo</span> <span class='ocrx_word' id='word_1_244' title='bbox 589 1965 680 2002; x_wconf 90' lang='lat' dir='ltr'>nihil</span> <span class='ocrx_word' id='word_1_245' title='bbox 703 1966 962 2009; x_wconf 87' lang='lat' dir='ltr'>commutavit,</span> <span class='ocrx_word' id='word_1_246' title='bbox 983 1965 1057 2001; x_wconf 90' lang='lat' dir='ltr'>nisi</span> <span class='ocrx_word' id='word_1_247' title='bbox 1077 1966 1108 2001; x_wconf 91' lang='lat' dir='ltr'>si</span> <span class='ocrx_word' id='word_1_248' title='bbox 1129 1965 1218 2013; x_wconf 90' lang='lat' dir='ltr'>quid</span> <span class='ocrx_word' id='word_1_249' title='bbox 1236 1972 1423 2003; x_wconf 88' lang='lat' dir='ltr'>vetustate</span> 
     </span>
     <span class='ocr_line' id='line_1_34' title="bbox 217 2017 1423 2066; baseline 0.001 -13"><span class='ocrx_word' id='word_1_250' title='bbox 217 2025 374 2054; x_wconf 86' lang='lat' dir='ltr'>coactus</span> <span class='ocrx_word' id='word_1_251' title='bbox 394 2025 463 2055; x_wconf 87' lang='lat' dir='ltr'>est.</span> <span class='ocrx_word' id='word_1_252' title='bbox 521 2018 625 2055; x_wconf 89' lang='lat' dir='ltr'>Usus</span> <span class='ocrx_word' id='word_1_253' title='bbox 645 2024 701 2054; x_wconf 87' lang='lat' dir='ltr'>est</span> <span class='ocrx_word' id='word_1_254' title='bbox 735 2017 894 2062; x_wconf 85' lang='lat' dir='ltr'>familia,</span> <span class='ocrx_word' id='word_1_255' title='bbox 915 2018 947 2054; x_wconf 92' lang='lat' dir='ltr'>si</span> <span class='ocrx_word' id='word_1_256' title='bbox 978 2017 1139 2054; x_wconf 86' lang='lat' dir='ltr'>utilitate</span> <span class='ocrx_word' id='word_1_257' title='bbox 1169 2017 1423 2066; x_wconf 77' lang='lat' dir='ltr'>judicandum</span> 
     </span>
     <span class='ocr_line' id='line_1_35' title="bbox 216 2069 1423 2119; baseline 0.001 -13"><span class='ocrx_word' id='word_1_258' title='bbox 216 2076 283 2115; x_wconf 81' lang='lat' dir='ltr'>est,</span> <span class='ocrx_word' id='word_1_259' title='bbox 314 2071 481 2119; x_wconf 82' lang='lat' dir='ltr'>optima3</span> <span class='ocrx_word' id='word_1_260' title='bbox 512 2071 543 2106; x_wconf 92' lang='lat' dir='ltr'>si</span> <span class='ocrx_word' id='word_1_261' title='bbox 576 2070 707 2114; x_wconf 88' lang='lat' dir='ltr'>forma,</span> <span class='ocrx_word' id='word_1_262' title='bbox 743 2070 807 2105; x_wconf 80' lang='lat' dir='ltr'>vix</span> <span class='ocrx_word' id='word_1_263' title='bbox 841 2070 1034 2106; x_wconf 89' lang='lat' dir='ltr'>mediocri.</span> <span class='ocrx_word' id='word_1_264' title='bbox 1093 2069 1274 2118; x_wconf 87' lang='lat' dir='ltr'>Namque</span> <span class='ocrx_word' id='word_1_265' title='bbox 1304 2071 1342 2106; x_wconf 91' lang='lat' dir='ltr'>in</span> <span class='ocrx_word' id='word_1_266' title='bbox 1376 2083 1423 2107; x_wconf 85' lang='lat' dir='ltr'>ea</span> 
     </span>
     <span class='ocr_line' id='line_1_36' title="bbox 217 2122 1424 2172; baseline 0 -14"><span class='ocrx_word' id='word_1_267' title='bbox 217 2129 325 2158; x_wconf 85' lang='lat' dir='ltr'>erant</span> <span class='ocrx_word' id='word_1_268' title='bbox 359 2123 469 2171; x_wconf 91' lang='lat' dir='ltr'>pueri</span> <span class='ocrx_word' id='word_1_269' title='bbox 489 2122 764 2167; x_wconf 84' lang='lat' dir='ltr'>litteratissimi,</span> <span class='ocrx_word' id='word_1_270' title='bbox 786 2128 1004 2171; x_wconf 64' lang='lat' dir='ltr'>anagnostae</span> <span class='ocrx_word' id='word_1_271' title='bbox 1036 2122 1176 2170; x_wconf 78' lang='lat' dir='ltr'>optimi,</span> <span class='ocrx_word' id='word_1_272' title='bbox 1199 2129 1236 2159; x_wconf 90' lang='lat' dir='ltr'>et</span> <span class='ocrx_word' id='word_1_273' title='bbox 1269 2123 1424 2172; x_wconf 87' lang='lat' dir='ltr'>plurimi</span> 
     </span>
     <span class='ocr_line' id='line_1_37' title="bbox 216 2174 1423 2224; baseline 0.001 -14"><span class='ocrx_word' id='word_1_274' title='bbox 216 2174 374 2219; x_wconf 87' lang='lat' dir='ltr'>librarii,</span> <span class='ocrx_word' id='word_1_275' title='bbox 398 2182 439 2212; x_wconf 89' lang='lat' dir='ltr'>ut</span> <span class='ocrx_word' id='word_1_276' title='bbox 467 2187 514 2211; x_wconf 91' lang='lat' dir='ltr'>ne</span> <span class='ocrx_word' id='word_1_277' title='bbox 546 2175 776 2224; x_wconf 88' lang='lat' dir='ltr'>pedisequus</span> <span class='ocrx_word' id='word_1_278' title='bbox 808 2174 963 2223; x_wconf 91' lang='lat' dir='ltr'>quidem</span> <span class='ocrx_word' id='word_1_279' title='bbox 993 2175 1196 2222; x_wconf 89' lang='lat' dir='ltr'>quisquam</span> <span class='ocrx_word' id='word_1_280' title='bbox 1218 2182 1328 2220; x_wconf 85' lang='lat' dir='ltr'>esset,</span> <span class='ocrx_word' id='word_1_281' title='bbox 1357 2176 1423 2224; x_wconf 88' lang='lat' dir='ltr'>qui</span> 
     </span>
     <span class='ocr_line' id='line_1_38' title="bbox 215 2225 1423 2276; baseline 0.002 -14"><span class='ocrx_word' id='word_1_282' title='bbox 215 2239 288 2263; x_wconf 91' lang='lat' dir='ltr'>non</span> <span class='ocrx_word' id='word_1_283' title='bbox 311 2234 516 2275; x_wconf 86' lang='lat' dir='ltr'>utrumque</span> <span class='ocrx_word' id='word_1_284' title='bbox 537 2227 672 2264; x_wconf 88' lang='lat' dir='ltr'>horum</span> <span class='ocrx_word' id='word_1_285' title='bbox 693 2227 852 2275; x_wconf 88' lang='lat' dir='ltr'>pulchre</span> <span class='ocrx_word' id='word_1_286' title='bbox 874 2225 1002 2263; x_wconf 87' lang='lat' dir='ltr'>facere</span> <span class='ocrx_word' id='word_1_287' title='bbox 1024 2233 1174 2275; x_wconf 81' lang='lat' dir='ltr'>posset3</span> <span class='ocrx_word' id='word_1_288' title='bbox 1207 2229 1287 2276; x_wconf 88' lang='lat' dir='ltr'>pari</span> <span class='ocrx_word' id='word_1_289' title='bbox 1315 2228 1423 2272; x_wconf 79' lang='lat' dir='ltr'>modo</span> 
     </span>
     <span class='ocr_line' id='line_1_39' title="bbox 217 2278 1422 2328; baseline 0 -14"><span class='ocrx_word' id='word_1_290' title='bbox 217 2279 383 2316; x_wconf 83' lang='lat' dir='ltr'>artifices</span> <span class='ocrx_word' id='word_1_291' title='bbox 403 2280 533 2324; x_wconf 85' lang='lat' dir='ltr'>ceteri,</span> <span class='ocrx_word' id='word_1_292' title='bbox 564 2292 659 2328; x_wconf 90' lang='lat' dir='ltr'>quos</span> <span class='ocrx_word' id='word_1_293' title='bbox 678 2279 805 2315; x_wconf 89' lang='lat' dir='ltr'>cultus</span> <span class='ocrx_word' id='word_1_294' title='bbox 824 2278 1056 2315; x_wconf 88' lang='lat' dir='ltr'>domesticus</span> <span class='ocrx_word' id='word_1_295' title='bbox 1076 2279 1276 2323; x_wconf 88' lang='lat' dir='ltr'>desiderat,</span> <span class='ocrx_word' id='word_1_296' title='bbox 1299 2280 1422 2328; x_wconf 90' lang='lat' dir='ltr'>appri-</span> 
     </span>
     <span class='ocr_line' id='line_1_40' title="bbox 217 2331 1421 2380; baseline 0 -14"><span class='ocrx_word' id='word_1_297' title='bbox 217 2344 276 2368; x_wconf 88' lang='lat' dir='ltr'>me</span> <span class='ocrx_word' id='word_1_298' title='bbox 307 2333 405 2369; x_wconf 90' lang='lat' dir='ltr'>boni.</span> <span class='ocrx_word' id='word_1_299' title='bbox 464 2332 603 2380; x_wconf 87' lang='lat' dir='ltr'>Neque</span> <span class='ocrx_word' id='word_1_300' title='bbox 637 2338 765 2368; x_wconf 89' lang='lat' dir='ltr'>tamen</span> <span class='ocrx_word' id='word_1_301' title='bbox 794 2331 928 2367; x_wconf 88' lang='lat' dir='ltr'>horum</span> <span class='ocrx_word' id='word_1_302' title='bbox 949 2344 1194 2380; x_wconf 84' lang='lat' dir='ltr'>quemquam,</span> <span class='ocrx_word' id='word_1_303' title='bbox 1215 2333 1288 2368; x_wconf 89' lang='lat' dir='ltr'>nisi</span> <span class='ocrx_word' id='word_1_304' title='bbox 1321 2332 1421 2367; x_wconf 88' lang='lat' dir='ltr'>domi</span> 
     </span>
     <span class='ocr_line' id='line_1_41' title="bbox 214 2383 1421 2433; baseline 0 -14"><span class='ocrx_word' id='word_1_305' title='bbox 214 2390 347 2420; x_wconf 84' lang='lat' dir='ltr'>natum</span> <span class='ocrx_word' id='word_1_306' title='bbox 375 2385 551 2433; x_wconf 89' lang='lat' dir='ltr'>domique</span> <span class='ocrx_word' id='word_1_307' title='bbox 582 2383 738 2428; x_wconf 80' lang='lat' dir='ltr'>factum,</span> <span class='ocrx_word' id='word_1_308' title='bbox 766 2384 920 2420; x_wconf 88' lang='lat' dir='ltr'>habuit:</span> <span class='ocrx_word' id='word_1_309' title='bbox 950 2383 1049 2432; x_wconf 91' lang='lat' dir='ltr'>quod</span> <span class='ocrx_word' id='word_1_310' title='bbox 1078 2390 1135 2420; x_wconf 86' lang='lat' dir='ltr'>est</span> <span class='ocrx_word' id='word_1_311' title='bbox 1167 2385 1319 2433; x_wconf 84' lang='lat' dir='ltr'>signum</span> <span class='ocrx_word' id='word_1_312' title='bbox 1347 2395 1421 2419; x_wconf 89' lang='lat' dir='ltr'>non</span> 
     </span>
     <span class='ocr_line' id='line_1_42' title="bbox 215 2435 1420 2485; baseline 0 -14"><span class='ocrx_word' id='word_1_313' title='bbox 215 2435 338 2472; x_wconf 90' lang='lat' dir='ltr'>solum</span> <span class='ocrx_word' id='word_1_314' title='bbox 359 2437 609 2482; x_wconf 85' lang='lat' dir='ltr'>continentiae‚</span> <span class='ocrx_word' id='word_1_315' title='bbox 631 2436 697 2473; x_wconf 90' lang='lat' dir='ltr'>sed</span> <span class='ocrx_word' id='word_1_316' title='bbox 727 2437 841 2472; x_wconf 86' lang='lat' dir='ltr'>etiam</span> <span class='ocrx_word' id='word_1_317' title='bbox 874 2436 1094 2485; x_wconf 74' lang='lat' dir='ltr'>diligentiae.</span> <span class='ocrx_word' id='word_1_318' title='bbox 1150 2436 1254 2472; x_wconf 89' lang='lat' dir='ltr'>Nam</span> <span class='ocrx_word' id='word_1_319' title='bbox 1283 2442 1320 2472; x_wconf 86' lang='lat' dir='ltr'>et</span> <span class='ocrx_word' id='word_1_320' title='bbox 1348 2447 1420 2471; x_wconf 88' lang='lat' dir='ltr'>non</span> 
     </span>
     <span class='ocr_line' id='line_1_43' title="bbox 216 2487 1420 2538; baseline 0.001 -16"><span class='ocrx_word' id='word_1_321' title='bbox 216 2487 512 2538; x_wconf 83' lang='lat' dir='ltr'>intemperanter</span> <span class='ocrx_word' id='word_1_322' title='bbox 550 2489 834 2537; x_wconf 86' lang='lat' dir='ltr'>concupiscere,</span> <span class='ocrx_word' id='word_1_323' title='bbox 875 2488 973 2538; x_wconf 92' lang='lat' dir='ltr'>quod</span> <span class='ocrx_word' id='word_1_324' title='bbox 1013 2501 1035 2524; x_wconf 76' lang='lat' dir='ltr'>a</span> <span class='ocrx_word' id='word_1_325' title='bbox 1073 2488 1246 2536; x_wconf 81' lang='lat' dir='ltr'>plurimis</span> <span class='ocrx_word' id='word_1_326' title='bbox 1276 2487 1420 2532; x_wconf 87' lang='lat' dir='ltr'>videas,</span> 
     </span>
    </p>
   </div>
  </div>
 </body>
</html>
