1651 2790
201 326 215 361 1

251 230 307 267 42
645 227 699 267 Χ.
754 233 787 277 1,
812 233 849 268 2.
899 229 1062 280 (Dion.)

300 325 332 362 Ι.
363 325 476 370 131011,
494 325 696 374 Hipparini
724 326 837 370 filius,
860 326 915 374 Sy
917 321 1137 371 racusanus,
1155 326 1274 363 nobili
1302 339 1441 376 genere

247 385 368 422 natus,
383 384 538 425 utraque
555 377 769 425 implicatus
788 378 982 426 tyrannide
1001 378 1129 427 Diony
1132 379 1283 415 siorum.
1327 379 1365 415 N
1368 391 1443 415 am-

247 442 319 487 que
339 406 404 465 1110
425 429 598 477 superior
617 429 920 474 Aristomachen,
941 442 1109 466 sororem
1138 431 1288 475 Dionis,
1314 430 1443 467 habuit

247 481 287 518 111
317 481 566 526 matrimonio,
587 493 635 517 ex
653 494 727 530 qua
759 482 853 518 duos
882 470 994 526 filios,
1025 482 1277 530 Hipparinum
1298 490 1335 519 et
1362 483 1442 531 Ny·

248 546 375 579 saeum,
390 534 614 582 procreavit,
627 534 856 582 totidemque
876 534 987 579 filias,
1000 534 1152 571 nomine
1168 535 1444 584 Sophrosynen

249 593 285 622 et
318 587 483 622 Areten:
513 598 669 634 quarum
697 586 861 634 priorem
881 586 1069 634 Dionysio
1101 587 1192 631 filio,
1209 587 1346 631 eidem,
1381 586 1443 623 cui

247 650 404 686 regnum
433 637 597 686 reliquit,
616 645 771 686 nuptum
804 638 919 683 dedit,
940 639 1107 683 alteram,
1127 639 1283 683 Areten,
1313 639 1442 675 Dioni.

249 689 350 726 Dion
371 698 495 726 autem
513 697 649 738 praeter
675 690 841 726 nobilem
865 690 1183 738 propinquitatem
1201 703 1444 739 generosam-

246 755 318 799 que
337 743 519 800 majorum
551 742 688 779 famam
706 742 822 778 multa
850 742 925 778 alia
945 743 990 778 ab
1017 749 1150 778 natura
1176 742 1306 779 habuit
1332 743 1443 788 bona,

246 794 286 830 in
305 794 395 830 1115
386 807 582 843 ingenium
600 794 738 838 docile,
760 807 880 839 come,
911 801 1038 842 aptum
1057 794 1104 830 ad
1134 802 1233 831 artes
1257 795 1441 843 optimas·
1432 823 1442 840 ,

246 859 422 895 magnam
442 847 610 894 corpoiis
632 846 865 895 dignitatem,
899 859 979 894 quae
1012 859 1089 882 non
1108 846 1304 883 minimum
1342 859 1443 884 com—

246 898 467 943 mendatur3
495 911 653 947 magnas
682 905 866 946 praeterea
899 898 1049 935 divitias
1084 912 1106 935 a
1138 906 1244 947 patre
1274 899 1444 944 relictas,

247 963 339 997 quas
373 951 457 998 ipse
491 951 640 999 tyranni
676 951 894 987 muneribus
929 958 1096 987 auxerat.
1167 951 1262 987 Erat
1289 951 1442 988 intimus

248 1002 436 1050 Dionysio
452 1003 580 1051 priori,
600 1015 724 1050 neque
744 1003 868 1039 minus
897 1010 1050 1051 propter
1069 1015 1207 1047 mores,
1227 1015 1339 1051 quani
1365 1004 1443 1039 affi-

246 1055 413 1091 nitatem.
470 1055 644 1102 Namque
674 1055 747 1090 etsi
768 1055 949 1103 Dionysii
969 1055 1174 1091 crudelitas
1197 1056 1233 1091 ei
1261 1055 1443 1112 displice·

245 1107 320 1151 bat,
341 1114 466 1143 tamen
486 1107 632 1143 salvum
656 1113 808 1155 propter
828 1107 1167 1152 necessitudinem,
1186 1120 1308 1156 magis
1330 1107 1443 1144 etiam

247 1171 399 1195 suorum
419 1171 546 1203 causa,
567 1159 751 1195 studebat
807 1159 950 1195 Aderat
977 1159 1017 1195 in
1035 1159 1183 1208 magnis
1210 1161 1321 1196 rebus
1344 1161 1442 1217 ejus-

246 1224 319 1269 que
340 1211 501 1247 consilio
520 1211 675 1247 multum
693 1212 914 1247 movebatur
932 1218 973 1259 ty
975 1224 1126 1256 rannus,
1145 1211 1222 1248 nisi
1241 1224 1314 1259 qua
1341 1212 1381 1248 in
1399 1225 1440 1248 re

246 1263 364 1312 major
392 1263 513 1311 ipsius
538 1263 724 1311 cupiditas
758 1263 1041 1299 intercesserat.
1099 1263 1332 1312 Legationes
1352 1276 1442 1300 vero

250 1315 430 1364 [omnes],
451 1328 532 1364 quae
562 1322 693 1351 essent
722 1315 961 1360 illustriores,
980 1328 1050 1364 per
1078 1315 1244 1352 Dionem
1263 1316 1438 1352 adminis-

247 1368 459 1411 trabantur,
488 1379 580 1414 quas
594 1367 746 1414 quidem
764 1367 829 1403 ille
851 1367 1054 1416 diligenter
1074 1368 1259 1413 obeundo,
1279 1368 1442 1408 fideliter

247 1419 554 1463 administrando,
576 1419 880 1455 crudelissimum
898 1431 1037 1456 nomen
1055 1420 1205 1467 tyranni
1225 1432 1294 1458 sua
1312 1419 1442 1456 huma-

245 1471 360 1507 nitate
380 1472 543 1519 tegebat.
588 1471 702 1508 Hunc
723 1484 745 1507 a
765 1471 953 1520 Dionysio
972 1472 1132 1507 missum
1152 1471 1442 1521 Carthaginien-

246 1535 311 1559 ses
346 1530 610 1572 suspexerunt,
644 1531 684 1559 ut
715 1523 908 1559 neminem
936 1536 1111 1572 umquam
1146 1524 1282 1561 Graeca
1311 1523 1442 1574 lingua

246 1575 462 1623 loquentem
480 1576 601 1624 magis
623 1575 698 1611 sint
718 1575 901 1611 admirati.

299 1628 351 1664 H,
407 1627 543 1676 Neque
563 1640 655 1663 vero
688 1627 769 1663 haec
805 1628 1035 1676 Dionysium
1062 1627 1269 1676 fugiebant.
1326 1628 1440 1673 Nam,

246 1686 382 1726 quanto
403 1685 507 1715 esse.
535 1679 607 1715 sibi
636 1686 867 1723 ornamento,
887 1680 1087 1716 sentiebat.
1144 1680 1229 1722 Quo
1258 1680 1382 1725 fiebat,
1401 1688 1441 1717 ut

247 1731 313 1766 uni
331 1731 420 1766 huic
441 1731 603 1767 maxime
624 1731 848 1779 indulgeret,
868 1743 992 1778 neque
1014 1743 1100 1767 eum
1119 1744 1234 1767 secus
1263 1732 1440 1780 diligeret

248 1795 292 1818 ac
312 1782 452 1819 filium:
484 1783 547 1830 qui
574 1783 736 1829 quidem,
756 1795 881 1831 quum,
911 1783 1111 1819 Platonem
1129 1784 1347 1820 -Tarentum
1374 1797 1440 1821 ve-

246 1835 365 1879 nisse,
385 1834 484 1870 fama
502 1834 541 1870 111
563 1834 736 1870 Siciliam
756 1841 861 1871 esset
876 1835 1032 1883 perlata,
1046 1835 1281 1871 adolescenti
1296 1848 1439 1885 negare

246 1899 322 1922 non
341 1886 513 1935 potuerit,
533 1886 623 1933 quin
651 1898 738 1923 eum
757 1893 981 1931 arcesseret,
1001 1899 1114 1934 quum
1143 1887 1244 1923 Dion
1265 1888 1346 1937 ejus
1376 1901 1439 1925 au-

248 1938 377 1974 diendi
410 1937 613 1986 cupiditate
650 1939 837 1987 flagraret.
893 1938 1010 1974 Dedit
1042 1951 1132 1987 ergo
1164 1938 1255 1975 huic
1288 1940 1437 1977 veniam

245 2003 455 2038 magnaque
485 2002 571 2026 eum
596 1991 798 2026 ambitione
829 1991 1042 2038 Syracusas
1070 1991 1256 2039 perduxit.
1314 1992 1438 2034 Quem

248 2042 351 2079 Dion
372 2042 467 2078 adeo
487 2041 688 2078 admiratus
710 2049 768 2078 est
787 2049 896 2090 atque
918 2042 1117 2100 adamavit,
1136 2050 1177 2079 ut
1203 2056 1246 2080 se
1266 2051 1383 2081 totum
1401 2045 1439 2081 ei

289 2115 338 2139 365
403 2093 578 2130 traderet.
618 2094 756 2142 Neque
775 2106 864 2130 vero
883 2095 1006 2130 minus
1028 2095 1136 2131 Plato
1156 2095 1366 2132 delectatus
1380 2104 1438 2133 est

254 2154 280 2171 a·
298 2148 328 2172 C
347 2155 373 2172 Π
404 2146 543 2183 1310110.
599 2147 730 2194 Itaque
750 2159 863 2195 quum
883 2159 904 2182 a
930 2146 1058 2195 Diony
1061 2146 1118 2183 510
1142 2147 1339 2206 [tyranno]
1357 2161 1439 2185 cru-

247 2197 383 2234 deliter
399 2199 561 2234 violatus
583 2206 698 2243 esset,
718 2211 856 2246 quippe
879 2211 990 2246 quem
1009 2199 1227 2235 venumdari
1242 2201 1438 2249 jussisset,

246 2257 371 2286 tamen
392 2250 527 2286 eodem
545 2250 669 2294 rediit,
690 2250 862 2299 ejusdem
882 2250 1019 2286 Dionis
1041 2252 1218 2299 precibus
1240 2252 1438 2290 adductus.

248 2301 430 2337 Interim
421 2314 461 2338 in
479 2303 648 2338 morbum
667 2302 801 2338 incidit
820 2302 948 2351 Diony
951 2302 1043 2338 sius.
1101 2304 1186 2346 Quo
1199 2316 1312 2352 quum
1330 2303 1452 2353 gravi·

248 2354 537 2399 conflictaretur,
556 2354 730 2401 quaesivit
758 2367 779 2389 a
801 2354 962 2390 medicis
993 2354 1107 2400 Dion,
1126 2356 1438 2414 quemadmodum

247 2416 290 2440 se
305 2403 487 2441 haberet?
519 2405 705 2453 simulque
725 2407 771 2442 ab
790 2405 851 2442 1115
871 2406 992 2454 petiit,
1012 2407 1046 2443 si
1065 2406 1159 2444 forte
1178 2407 1312 2456 majori
1332 2419 1437 2444 esset

247 2455 428 2504 periculo,
449 2464 489 2493 ut
508 2457 579 2493 sibi
604 2457 828 2495 faterentur:
858 2471 947 2495 nam
965 2460 1065 2496 ielle
1086 2471 1129 2496 se
1150 2472 1235 2496 cum
1255 2471 1301 2496 eo
1322 2459 1436 2497 collo-
