1651 2790
282 232 336 269 32
592 228 685 267 Vll.
723 232 761 276 5,
784 232 822 267 6.
881 227 1167 279 (Alczbiades.)

276 332 372 372 runt,
387 325 638 374 praesidioque
659 325 711 361 ibi
730 332 913 375 perpetuo
933 326 1057 374 posito
1076 325 1116 362 in
1136 325 1335 362 obsidione
1362 325 1465 362 Athe·

275 391 346 415 nas
379 384 594 415 tenuerunt.
664 378 851 427 Ejusdem
888 390 1005 426 opera
1042 378 1189 415 Ioniam
1226 391 1249 414 a
1286 386 1469 414 societate

276 438 491 468 averterunt
519 429 824 467 Atheniensium.
882 430 967 472 Quo
987 430 1086 467 facto
1114 431 1230 467 multo
1253 431 1470 479 superiores

275 484 377 520 bella
398 496 486 519 esse
507 489 713 531 coeperunt.

328 536 376 572 V.
406 536 543 583 Neque
563 547 656 571 vero
686 535 747 571 his
777 536 890 571 rebus
919 543 996 571 tam
1016 535 1130 572 amici
1163 535 1357 571 Alcibiadi
1387 542 1472 571 sunt

275 587 378 633 facti,
396 600 508 635 quam
526 588 659 623 timore
680 589 725 624 ab
746 600 792 624 eo
813 587 980 623 alienati.
1037 588 1138 624 Nam
1157 600 1269 635 quum
1297 587 1472 624 acerrimi

274 640 345 676 viri
375 647 616 688 praestantem
645 640 883 688 prudentiam
913 639 952 676 in
977 640 1150 676 omnibus
1176 641 1290 676 rebus
1312 652 1472 688 cognos-

270 700 419 737 cerent,
435 692 778 741 pertimuerunt,ne
800 692 955 728 caritate
975 692 1106 740 patriae
1118 692 1252 728 ductus
1273 691 1472 739 aliquando

275 745 321 781 ab
359 745 454 792 ipsis
485 744 735 789 descisceret,
770 751 807 780 et
837 757 923 780 cum
953 745 1033 780 suis
1063 744 1103 780 111
1132 744 1289 793 gratiam
1317 744 1472 780 rediret.

275 797 405 845 Itaque
439 803 587 844 tempus
619 798 701 846 ejus
735 796 990 832 interficiendi
1023 809 1188 844 quaerere
1219 796 1472 832 instituerunt.

276 849 322 885 Id
355 849 546 885 Alcibiadi
577 849 716 885 diutius
747 849 866 885 celari
897 860 974 884 non
1001 849 1142 897 potuit:
1189 856 1269 884 erat
1297 849 1398 885 enim
1427 861 1473 885 ea

276 901 498 949 sagacitate,
511 908 551 937 ut
566 901 694 949 decipi
709 914 785 937 non
800 908 943 948 posset,
956 901 1166 948 praesertim
1181 913 1293 948 quum
1309 901 1473 937 animum

276 954 502 990 attendisset
535 953 582 989 ad
613 953 835 989 cavendum.
910 953 1041 1000 Itaque
1077 953 1124 989 ad
1156 952 1473 1001 Tissaphernem,

274 1006 494 1054 praefectum
525 1005 628 1054 regis
664 1005 784 1050 Darii,
816 1018 858 1041 se
893 1005 1062 1041 contulit.
1134 1006 1252 1054 Cujus
1286 1019 1398 1053 quum
1435 1005 1474 1042 in

275 1059 445 1094 intimam
466 1058 672 1093 amicitiam
699 1058 952 1106 pervenisset,
974 1064 1011 1093 et
1038 1057 1344 1103 Atheniensium,
1373 1059 1472 1094 male

276 1111 396 1159 gestis
417 1111 456 1147 in
478 1110 613 1146 Sicilia
633 1111 759 1154 rebus,
779 1122 873 1158 opes
895 1122 1116 1154 senescere,
1138 1117 1267 1146 contra
1294 1111 1474 1147 Lacedae-

275 1163 486 1199 moniorum
506 1175 683 1198 crescere
704 1162 873 1198 videret:
913 1162 1020 1197 initio
1050 1175 1136 1198 cum
1166 1163 1353 1199 Pisandro
1381 1175 1474 1211 prae-

275 1223 368 1260 tore,
389 1216 452 1263 qui
472 1215 571 1263 apud
593 1215 749 1251 Samum
769 1214 980 1250 exercitum
999 1213 1173 1259 habebat,
1193 1227 1261 1263 per
1280 1215 1474 1251 internun-

277 1268 348 1303 tios
371 1267 604 1314 colloquitur,
622 1274 659 1303 et
678 1267 724 1302 de
745 1267 867 1302 reditu
887 1278 955 1302 suo
976 1266 1066 1302 facit
1081 1268 1324 1303 mentionem.
1382 1268 1474 1304 Erat

277 1319 381 1355 enim
401 1319 548 1363 eodem,
561 1331 634 1367 quo
656 1319 890 1363 Alcibiades,
904 1331 1034 1363 sensu,
1054 1320 1184 1367 populi
1204 1320 1382 1367 pot'entiae
1397 1332 1474 1356 non

277 1372 435 1416 amicus,
457 1380 494 1407 et
513 1372 731 1419 optimatum
747 1371 879 1407 fautor.
927 1372 986 1407 Ab
1006 1371 1079 1407 hoc
1097 1372 1297 1408 destitutus
1314 1373 1476 1420 primum

276 1437 345 1473 per
378 1424 672 1472 Thrasybulum,
707 1424 806 1472 Lyci
839 1423 970 1467 filium,
1004 1425 1050 1459 ab
1078 1424 1248 1460 exercitu
1280 1424 1475 1472 recipitur,

275 1484 482 1525 praetorque
516 1477 556 1512 fit
586 1476 684 1524 apud
719 1477 896 1512 Samum:
938 1483 1035 1523 post,
1065 1476 1294 1525 suffragante
1328 1477 1362 1513 T
1366 1477 1476 1513 hera-

276 1532 399 1574 mene,
432 1529 662 1578 populiscito
700 1528 918 1572 restituitur,
957 1528 1112 1576 parique
1143 1529 1282 1565 absens
1316 1528 1475 1577 imperio

276 1582 478 1630 praeficitur
494 1581 605 1618 simul
622 1593 709 1617 cum
728 1580 972 1628 Thrasybulo
989 1588 1027 1617 et
1042 1581 1297 1617 Theramene.
1328 1581 1476 1618 Horum

276 1633 316 1669 in
337 1634 496 1682 imperio
527 1641 629 1669 tanta
649 1633 890 1669 commutatio
909 1645 1034 1668 rerum
1067 1632 1167 1668 sacta
1195 1640 1266 1677 est,
1285 1640 1325 1669 ut
1354 1633 1475 1669 Lace-

277 1686 464 1730 daemonii,
494 1685 557 1733 qui
588 1686 716 1733 paullo
747 1692 831 1720 ante
852 1685 1017 1720 victores
1046 1685 1254 1732 viguerant,
1287 1685 1476 1733 perterriti

276 1750 412 1786 pacem
431 1744 617 1785 peterent.
674 1737 778 1772 Victi
798 1737 900 1772 enim
920 1743 1027 1772 erant
1046 1737 1209 1784 quinque
1237 1737 1381 1784 proeliis
1403 1744 1476 1773 ter-

277 1789 473 1833 restribus,
506 1789 623 1825 tribus
653 1789 863 1832 navalibus,
898 1788 937 1824 in
973 1787 1109 1835 quibus
1140 1789 1323 1824 ducentas
1356 1802 1475 1825 naves

278 1841 451 1877 triremes
473 1841 689 1885 amiserant,
709 1853 789 1888 quae
811 1847 928 1888 captae
957 1840 998 1876 in
1024 1840 1190 1877 hostium
1208 1848 1392 1877 venerant
1411 1853 1476 1890 po-

278 1900 467 1929 testatem.
524 1891 746 1929 Alcibiades
776 1892 888 1928 simul
908 1905 994 1928 cum
1014 1892 1175 1941 collegis
1196 1901 1396 1942 receperat
1415 1894 1476 1930 Io-

278 1946 392 1990 niam,
427 1945 735 1992 Hellespontum,
769 1945 905 1980 multas
939 1952 1122 1993 praeterea
1153 1946 1267 1981 urbes
1307 1945 1476 1990 Graecas,

279 2010 359 2045 quae
388 1997 427 2033 in
446 2009 512 2033 ora
539 1996 620 2033 sitae
641 2003 727 2032 sunt
758 1996 874 2041 Asiae,
894 2009 1050 2044 quarum
1083 2004 1343 2046 expugnarant
1376 2009 1476 2033 com-

278 2049 420 2097 plures,
440 2049 480 2085 in
507 2049 568 2085 his
590 2048 834 2097 Byzantiu1n3
863 2044 987 2096 necsue
1008 2049 1132 2085 minus
1158 2050 1294 2086 multas
1315 2050 1477 2086 consilio

281 2101 327 2137 ad
365 2101 570 2137 amicitiam
603 2101 862 2150 adjunxerant,
897 2100 995 2148 quod
1032 2101 1072 2137 in
1110 2110 1240 2150 captos
1276 2102 1478 2139 clementia

280 2153 427 2189 fuerant
458 2153 531 2189 1151.
605 2153 663 2189 lta
695 2153 821 2200 praeda
850 2153 988 2197 onusti,
1024 2153 1255 2201 locupletato
1295 2154 1478 2199 exercitu,

280 2206 454 2241 maximis
474 2206 586 2241 rebus
607 2206 739 2254 gestiS‚
760 2204 931 2241 Athenas
953 2213 1147 2241 venerunt.

334 2258 402 2294 VI.
434 2258 508 2294 His
539 2270 651 2305 quum
670 2257 819 2293 obviam
847 2257 1027 2293 universa
1056 2258 1189 2294 civitas
1223 2258 1263 2294 in
1293 2258 1477 2295 Piraeeum

281 2309 560 2354 descendisset,
574 2317 676 2345 tanta
695 2308 764 2344 suit
779 2309 944 2345 omnium
961 2310 1196 2358 exspectatio
1209 2311 1360 2346 visendi
1374 2309 1478 2346 Alci-

280 2360 416 2405 biadis,
431 2370 471 2397 ut
490 2362 537 2397 ad
559 2362 640 2410 ejus
662 2361 852 2397 triremem
865 2362 999 2410 vulgus
1021 2362 1241 2407 conflueret,
1256 2361 1414 2410 proinde
1432 2373 1476 2396 ac

232 2414 253 2448 2
283 2411 317 2448 51
334 2413 437 2448 501115
452 2413 683 2450 advenisset.
729 2414 795 2450 Sic
813 2413 915 2449 enim
933 2414 1073 2462 populo
1094 2422 1174 2450 erat
1190 2425 1428 2462 persuasum,
1440 2418 1477 2448 et

283 2464 464 2501 adversas
478 2465 706 2512 superiores,
721 2472 758 2502 et
777 2472 985 2514 praesentes
999 2466 1189 2502 secundas
1208 2477 1270 2503 res
1285 2463 1477 2500 accidisse
