1651 2790
437 207 573 248 XVII.
634 213 729 254 (27,
753 213 790 247 8.
856 208 1127 260 (Agesilaus.)
1329 211 1376 249 71

180 324 227 358 st,
257 311 390 360 inquit,
412 322 472 346 eos
498 311 727 359 eaesiinguere
755 311 990 352 voluerimus,
1016 312 1079 357 qni
1104 310 1289 346 nobiscum
1319 310 1370 346 ad

182 377 309 402 versus
329 363 504 399 barbaros
524 368 709 407 steterunt,
730 364 940 409 nosmetipsi
959 375 1024 397 ηας
1046 364 1382 410 expugnaverrimus,

180 418 257 454 illis
276 416 554 465 quiescentibus.
616 414 698 462 Quo
719 414 830 465 fileto
849 416 927 451 sine
955 416 1108 463 negotia,
1138 427 1246 462 quum
1266 416 1384 452 roluc-

180 472 264 513 rt'nt,
286 482 352 506 ποθ
371 474 583 516 opprzment.

234 521 303 559 VI.
335 521 492 558 Interim
513 519 652 558 accidit
672 520 740 556 illa
761 520 962 556 calamitas
983 519 1083 568 apud
1118 518 1290 556 Leuctra
1311 518 1384 555 La·
1416 551 1421 555 ,

180 574 444 611 cedaemoniis:
475 586 549 622 quo
569 573 968 622 ne'prosscisceretur,
991 584 1110 620 quum
1140 585 1162 608 a
1195 572 1386 620 plerisque

181 627 226 663 ad
247 626 465 663 exeundum
486 633 736 676 premeretur,
759 633 799 662 ut
819 626 850 661 si
871 624 916 661 de
937 625 1041 661 exitu
1062 624 1260 668 divinaret,
1282 625 1386 660 exire

180 680 312 715 noluit.
355 678 472 723 Idem,
494 691 613 727 quum
635 677 921 727 Epaminondas
942 677 1117 726 Spartam
1133 683 1383 726 oppugnaret,

179 740 354 780 essetque
388 731 469 767 sine
500 731 620 767 muris
654 730 846 779 oppidum,
882 730 997 766 talem
1038 742 1078 766 se
1118 730 1385 778 imperatorem

182 784 350 833 praebuit,
386 790 426 819 ut
460 796 504 820 eo
537 791 705 832 tempore
739 783 915 819 omnibus
947 783 1178 831 apparuerit,
1214 782 1286 817 nisi
1320 781 1385 817 ille

181 836 324 880 fuisset,
361 835 536 885 Spartam
572 835 741 872 suturam
772 847 847 871 non
879 834 1009 871 fuisse.
1066 834 1109 871 In
1138 847 1212 883 quo
1232 833 1385 882 quidem

180 888 398 925 discrimine
432 888 609 924 celeritas
643 887 727 935 ejus
760 887 909 924 consilii
943 887 1057 923 saluti
1088 885 1160 923 fuit
1180 887 1383 923 universis.

181 940 282 976 Nam
302 952 420 989 quum
441 940 596 988 quidam
617 939 903 985 adolescentuli,
924 940 1088 976 hostium
1118 939 1283 975 adventu
1304 951 1385 987 per-

180 993 312 1037 territi,
336 992 382 1029 ad
403 992 607 1029 Thebanos
627 991 870 1041 transfugere
890 992 1044 1037 vellent,
1066 999 1102 1028 et
1131 992 1258 1028 locum
1279 998 1387 1027 extra

180 1045 319 1085 urbem
347 1045 490 1081 editum
519 1045 736 1094 cepissent3
775 1045 997 1094 Agesilaus,
1017 1045 1083 1093 qui
1114 1044 1384 1094 perniciosissi-

179 1110 285 1134 mum
320 1097 397 1134 fore
427 1097 583 1142 videret,
605 1098 636 1134 si
672 1098 982 1134 animadversum
1013 1104 1122 1141 esset,
1153 1109 1386 1145 quemquam

180 1149 227 1186 ad
256 1150 380 1187 hostes
399 1149 641 1199 transfugere
661 1151 805 1194 conari,
828 1162 917 1186 cum
938 1150 1018 1186 suis
1048 1162 1092 1186 eo
1112 1150 1227 1194 venit,
1259 1155 1384 1197 atque⁵

180 1209 222 1239 ut
249 1203 281 1238 si
311 1203 407 1239 bono
436 1203 562 1238 animo
596 1201 786 1247 fecissent,
808 1202 981 1238 laudavit
1014 1201 1218 1238 consilium
1239 1214 1384 1245 eorum,

179 1254 279 1303 quod
299 1267 388 1291 eum
407 1254 535 1292 locum
554 1262 818 1305 occupassent,
840 1261 878 1291 et
907 1267 947 1291 se
976 1253 1011 1290 id
1041 1267 1192 1303 quoque
1212 1254 1295 1290 fieri
1324 1253 1385 1289 de-

180 1307 271 1344 bere
292 1307 619 1344 animadvertisse.
678 1307 743 1344 Sic
768 1307 1070 1344 adolescentulos
1090 1306 1270 1343 simulata
1303 1305 1384 1342 lau-

180 1358 328 1396 datione
344 1360 599 1408 recuperavit‚
621 1366 658 1396 et
678 1360 867 1409 adjunctis
887 1359 933 1396 de
949 1360 1030 1396 suis
1042 1359 1243 1396 comitibus
1258 1359 1386 1395 locum

179 1417 305 1447 tutum
325 1411 490 1460 reliquit.
547 1411 727 1460 Namque
748 1412 816 1456 illi,
838 1418 949 1448 aucto
975 1424 1135 1448 numero
1155 1423 1299 1454 eorum,
1320 1411 1386 1459 qui

180 1470 352 1512 expertes
371 1470 482 1499 erant
501 1464 661 1508 consilii,
683 1476 920 1500 commovere
942 1477 982 1500 se
1002 1476 1076 1500 non
1097 1471 1183 1500 sunt
1209 1464 1304 1507 ausi,
1326 1476 1384 1499 eo-

179 1528 253 1564 que
274 1515 465 1560 libentius,
482 1515 582 1564 quod
602 1516 721 1552 latere
742 1516 1037 1560 arbitrabantur,
1059 1528 1145 1564 quae
1159 1516 1382 1564 cogitarant.

233 1567 320 1605 VII.
352 1567 443 1604 Sine
477 1568 591 1604 dubio
622 1574 702 1617 post
735 1567 984 1605 Leuctricam
1013 1580 1182 1617 pugnam
1203 1567 1383 1604 Lacedae-

180 1620 295 1656 monii
315 1633 354 1656 se
374 1632 586 1669 numquam
606 1620 835 1664 refecerunt,
858 1633 982 1668 neque
1012 1621 1214 1669 pristinum
1232 1620 1383 1668 imperi-

179 1685 245 1708 um
266 1679 565 1721 recuperarunt:
595 1685 715 1722 quum
735 1673 886 1709 interim
908 1673 1118 1722 Agesilaus
1137 1684 1211 1708 non
1232 1671 1382 1716 destitit,

178 1725 484 1773 quibuscumque
522 1725 637 1761 rebus
674 1731 808 1773 posset,
848 1725 1010 1773 pat1iam
1044 1724 1196 1772 juvare.
1279 1724 1318 1760 N
1323 1737 1384 1759 am

178 1789 297 1826 quum
331 1777 522 1826 praecipue
557 1776 840 1814 Lacedaemonii
869 1777 1083 1826 indigerent
1112 1776 1288 1825 pecunia
1318 1776 1383 1812 ille

178 1830 364 1874 omnibus,
385 1829 451 1878 qui
472 1842 493 1865 a
513 1842 603 1879 rege
624 1829 855 1874 defecerant,
877 1829 1051 1878 praesidio
1080 1828 1173 1865 fuit:
1204 1841 1226 1865 a
1245 1829 1384 1877 quibus

179 1894 320 1931 magna
339 1881 498 1918 donatus
532 1882 696 1930 pecunia
729 1882 891 1931 patriam
910 1882 1138 1918 sublevavit.
1197 1881 1355 1929 Atque
1345 1893 1384 1917 m

179 1912 266 1970 110οῧ
270 1933 393 1970 illud
383 1934 556 1982 inprimis
576 1933 647 1971 fuit
667 1934 902 1979 admirabile,
924 1947 1044 1982 quum
1064 1934 1232 1970 maxima
1252 1946 1382 1969 mune-

180 1998 223 2021 ra
242 1985 277 2022 ei
297 1985 344 2022 ab
363 1986 530 2036 regibus,
544 1992 581 2023 et
600 1986 781 2034 dynastis,
799 1987 1093 2035 civitatibusque
1107 1985 1382 2030 conferrentur,

178 2038 277 2086 quod
297 2038 390 2074 nihil
412 2051 594 2087 umquam
624 2038 699 2088 [in]
720 2039 873 2076 domum
902 2051 1011 2075 suam
1031 2038 1202 2083 contulit,
1222 2038 1317 2074 nihil
1338 2037 1383 2074 de

180 2090 296 2134 victu,
317 2090 411 2126 nihil
431 2090 478 2127 de
498 2091 636 2127 vestitu
657 2090 855 2128 Laconum
877 2091 1050 2127 mutavit.
1108 2090 1230 2127 Domo
1249 2090 1382 2126 eadem

180 2141 251 2177 fuit
284 2149 494 2187 contentus,
528 2155 607 2191 qua
632 2143 911 2192 Eurysthenes,
944 2143 1160 2192 progenitor
1193 2142 1382 2189 majorum

180 2205 346 2237 suorum,
364 2193 488 2230 fuerat
507 2207 622 2231 usus:
661 2208 775 2243 quam
796 2196 861 2244 qui
881 2196 1052 2239 intrarat,
1067 2195 1217 2230 nullum
1231 2195 1383 2243 signum

180 2245 357 2289 libidinis,
379 2245 529 2282 nullum
548 2247 714 2283 luxuriae
733 2247 861 2283 videre
882 2253 1026 2296 poterat
1043 2260 1052 2293 3
1085 2254 1217 2282 contra
1237 2259 1279 2282 ea
1301 2246 1381 2294 plu-

181 2298 278 2333 rima
311 2298 501 2346 patientiae
531 2305 645 2346 atque
680 2299 928 2335 abstinentiae.
986 2298 1050 2334 Sic
1084 2299 1183 2334 enim
1215 2305 1296 2333 erat
1328 2298 1382 2333 in-

180 2355 337 2394 structa,
373 2356 413 2386 ut
443 2349 551 2385 nulla
585 2351 623 2386 in
659 2362 699 2386 re
733 2350 901 2387 differret
929 2351 1101 2399 cujusvis
1128 2350 1249 2399 inopis
1269 2356 1382 2398 atque

181 2401 332 2450 privati.

233 2451 342 2491 VIII.
380 2454 508 2502 Atque
544 2453 604 2490 hic
634 2460 760 2491 tantus
794 2453 864 2498 vir,
900 2461 940 2491 ut
973 2460 1150 2491 naturam
1181 2454 1382 2492 fautricem

1415 838 1436 869 2
