1651 2790
167 1850 191 1934 {Qu-¹

237 236 291 272 70
557 231 695 272 XVII.
757 238 793 272 5.
858 231 1131 286 (Agesilaus.)

232 332 416 380 ephorum
432 334 563 379 missu,
578 334 723 370 bellum
743 334 1001 370 Athenienses
1012 340 1048 370 et
1068 334 1234 370 Boeotios
1253 333 1434 372 indixisse

232 383 558 422 Laeedaemoniis:
588 399 709 435 quare
730 388 861 423 venire
878 399 924 422 ne
945 386 1149 424 dubitaret.
1208 386 1250 423 In
1271 387 1341 423 1100
1362 400 1433 424 non

231 438 358 473 minus
379 438 462 486 ejus
482 439 602 487 pietas
622 439 865 488 suspicienda
885 445 952 482 est,
975 451 1090 487 quam
1118 439 1240 475 virtus
1275 439 1433 476 bellica:

229 489 308 537 qui,
329 502 449 538 quum
470 491 604 527 victori
634 498 813 540 praeesset
833 491 1020 527 exercitui
1054 492 1336 539 maximamque
1369 492 1433 528 ha-

230 541 336 578 beret
354 542 535 578 fiduciam
558 544 666 592 regui
684 543 896 580 ‘Persarum
926 543 1106 591 potiundi,
1129 550 1232 579 tanta
1254 543 1433 580 modestia

229 592 329 630 dicto
349 594 508 631 audiens
530 594 600 632 fuit
625 596 744 644 jussis
765 596 976 631 absentium
1006 596 1311 643 magistratuum,
1333 603 1374 632 ut
1402 597 1433 632 si

228 646 399 693 privatus
418 647 457 683 in
479 648 630 684 comitio
650 654 748 684 esset
767 647 928 696 Spartae.
987 647 1109 696 Cujus
1125 648 1343 695 exemplum
1365 649 1433 684 uti-

228 709 318 734 nam
337 699 585 748 imperatores
605 701 722 736 nostri
742 700 850 748 sequi
877 700 1085 740 voluissent
1102 699 1110 735 Σ
1167 699 1241 735 Sed
1262 699 1356 735 illuc
1377 712 1434 736 re-

229 749 400 787 deamus.
459 752 669 801 Agesilaus
688 752 974 801 opulentissimo
1003 764 1120 800 regno
1149 752 1352 800 praeposuit
1372 752 1432 788 bo-

227 814 317 838 nam
336 803 666 849 existimationem,
689 804 883 853 multoque
903 804 1106 853 gloriosius
1127 803 1246 848 duxit,
1269 804 1300 840 si
1328 804 1433 841 insti-

226 855 318 891 tutis
337 856 470 904 patriae
489 857 692 905 paruisset,
714 869 831 905 quam
852 857 890 892 si*
916 856 1012 892 bello
1040 862 1258 904 superasset
1284 856 1431 892 Asiam.

227 905 315 943 Hac
335 908 452 957 igitur
473 916 598 945 mente
612 909 904 958 Hellespontum
925 909 1054 956 copias
1073 908 1235 956 trajecit,
1253 915 1432 958 tantaque

227 971 320 995 usus
340 966 396 996 est
416 961 625 1006 celeritate,
648 967 699 1005 ut,
721 961 822 1010 quod
851 961 924 996 iter
956 960 1105 997 Xerxes
1135 972 1233 996 anno
1262 967 1432 997 vertente

226 1011 454 1056 confecerat,
476 1013 539 1049 hic
570 1014 763 1050 transierit
793 1013 950 1062 triginta
983 1013 1129 1049 diebus.
1188 1012 1321 1057 Quum
1351 1013 1431 1062 jam

225 1063 326 1100 haud
348 1065 400 1100 ita
421 1065 531 1114 longe
554 1066 702 1102 abesset
722 1079 744 1102 a
764 1065 1033 1114 Peloponneso,
1050 1065 1231 1101 obsistere
1252 1066 1287 1101 ei
1307 1066 1431 1102 conati

223 1122 312 1153 sunt
332 1117 590 1154 Athenienses
610 1125 647 1154 et
667 1118 816 1162 Boeotii,
838 1119 1032 1166 ceterique
1052 1130 1185 1153 eorum
1205 1118 1309 1162 socii,
1333 1117 1432 1166 apud

224 1167 433 1205 Coroneam
451 1183 458 1206 :
489 1182 583 1218 quos
603 1183 734 1206 omnes
754 1170 865 1220 gravi
886 1170 1021 1218 proelio
1041 1170 1145 1206 vicit.
1204 1169 1334 1218 Hujus
1354 1171 1430 1206 vic-

223 1222 329 1257 toriae
342 1222 403 1257 vel
424 1223 592 1258 maxima
609 1222 679 1259 fuit
699 1223 795 1267 laus,
813 1221 924 1271 quod,
939 1235 1059 1271 quum
1079 1222 1251 1271 plerique
1272 1235 1318 1258 ex
1341 1221 1432 1272 suga

224 1285 264 1308 se
285 1274 325 1309 in
346 1274 531 1322 templum
554 1274 739 1311 Minervae
763 1275 1027 1323 conjecissent,
1049 1281 1364 1323 quaerereturque
1386 1275 1432 1311 ab

223 1337 278 1369 eo,
300 1325 389 1374 quid
426 1327 484 1362 his
504 1327 587 1363 fieri
622 1326 749 1371 vellet,
771 1328 841 1363 etsi
873 1327 1015 1375 aliquot
1035 1327 1199 1363 vulnera
1229 1333 1432 1375 acceperat

223 1389 267 1413 eo
299 1378 445 1426 proelio,
476 1386 513 1415 et
546 1380 668 1416 iratus
700 1379 901 1415 videbatur
931 1379 1119 1422 omnibus,
1151 1379 1217 1427 qui
1249 1378 1432 1415 adversus

223 1437 331 1466 arma
364 1430 544 1476 tulerant,
566 1438 694 1468 tamen
732 1431 907 1467 antetulit
941 1431 1008 1467 irae
1038 1430 1275 1480 religionem,
1306 1438 1342 1467 et
1368 1444 1431 1468 eos

223 1483 343 1518 vetuit
362 1483 510 1519 violari.
568 1484 707 1532 Neque
729 1495 818 1520 vero
840 1484 910 1519 hoc
931 1483 1054 1519 solum
1085 1483 1124 1518 in
1152 1482 1306 1520 Graecia
1328 1483 1430 1528 fecit,

222 1540 262 1570 ut
283 1535 426 1583 templa
445 1535 602 1572 deorum
623 1542 757 1572 sancta
777 1536 934 1572 haberet
952 1549 961 1581 3
995 1535 1061 1571 sed
1082 1535 1196 1571 etiam
1218 1535 1317 1584 apud
1346 1536 1429 1572 bar-

222 1586 332 1623 baros
352 1599 504 1624 summa
533 1589 716 1638 religione
745 1589 873 1624 omnia
904 1588 1115 1624 simulacra
1149 1600 1313 1637 arasque
1342 1601 1429 1625 0011-

222 1640 402 1676 servavit.
461 1639 594 1689 Itaque
626 1640 870 1690 praedicabat,
892 1641 1024 1676 mirari
1045 1653 1098 1684 se,
1119 1652 1193 1676 non
1223 1640 1427 1690 sacrilego-

222 1702 308 1726 rum
327 1703 487 1728 numero
507 1693 651 1737 haberi,
673 1693 738 1741 qui
759 1692 998 1741 supplicibus
1018 1704 1152 1728 eorum
1180 1693 1425 1739 nocuissent3

223 1749 288 1779 aut
307 1755 381 1779 non
401 1745 642 1792 gravioribus
662 1745 786 1793 poenis
808 1744 909 1781 affici
942 1745 1007 1792 qui
1039 1744 1262 1793 religionem
1282 1745 1427 1799 minue-

222 1801 318 1839 rent,
339 1807 455 1843 quam
476 1797 542 1844 qui
563 1795 652 1833 fana
672 1797 890 1844 spoliarent.

274 1846 302 1882 V
320 1873 325 1882 .
357 1847 444 1883 Post
464 1848 533 1884 1100
554 1848 733 1896 proelium
749 1848 932 1884 collatum
953 1854 1009 1884 est
1028 1860 1138 1884 omne
1159 1847 1303 1884 bellum
1321 1849 1425 1885 circa

221 1897 459 1944 Corinthum,
493 1900 653 1949 ideoque
683 1899 923 1936 Corinthium
957 1906 1014 1936 est
1045 1901 1290 1949 appellatum.
1349 1900 1426 1938 Hic

220 1963 339 1999 quum
360 1963 438 1987 una
457 1964 586 2001 pugna
606 1952 739 1988 decem
760 1952 881 1988 millia
910 1952 1086 1996 hostium,
1109 1952 1294 2001 Agesilao
1314 1952 1424 1997 duce,

220 2003 459 2048 cecidissent,
490 2017 611 2053 eoque
644 2003 744 2040 facto
774 2016 864 2053 opes
894 2003 1201 2040 adversariorum
1222 2004 1425 2042 debilitatae

220 2054 442 2092 viderentur
459 2069 466 2092 :
496 2062 644 2092 tantum
664 2055 785 2092 abfuit
812 2056 859 2092 ab
879 2056 1079 2092 insolentia
1098 2056 1242 2105 gloriae,
1264 2063 1305 2092 ut
1325 2070 1423 2094 com-

219 2107 423 2144 miseratus
456 2108 503 2145 sit
538 2108 728 2145 fortunam
760 2108 935 2153 Graeciae,
966 2108 1064 2156 quod
1086 2115 1163 2144 tam
1195 2108 1305 2145 multi
1337 2122 1358 2145 a
1384 2123 1424 2146 se

221 2160 313 2196 victi
350 2160 441 2196 vitio
479 2160 787 2197 adversariorum
826 2160 1102 2197 concidissent:
1150 2173 1318 2209 namque
1357 2161 1424 2198 illa

220 2211 475 2257 multitudine,
513 2213 544 2249 si
583 2225 677 2249 sana
711 2225 818 2249 inens
849 2219 960 2257 esset,
997 2213 1160 2249 Graeciae
1192 2213 1423 2261 supplicium

220 2263 357 2300 Persas
396 2264 486 2301 dare
525 2266 703 2313 potuisse.
762 2264 866 2301 Idem
904 2278 1024 2314 quum
1056 2265 1293 2301 adversarios
1326 2266 1424 2303 intra

219 2317 361 2352 moenia
380 2317 636 2366 compulisset,
658 2325 705 2362 et,
737 2324 777 2353 ut
797 2317 1021 2354 Corinthum
1045 2324 1293 2366 oppugnaret,
1315 2317 1423 2358 multi

220 2367 475 2414 hortarentur,
497 2370 664 2418 negavit,
686 2370 723 2405 id
752 2382 832 2406 suae
852 2370 982 2406 virtuti
1003 2370 1230 2406 convenire:
1261 2381 1300 2404 se
1322 2370 1422 2404 enim

219 2431 307 2455 eum
329 2434 410 2456 esse
431 2421 535 2466 dixit,
556 2423 622 2470 qui
643 2427 689 2457 acl
708 2421 877 2458 officium
897 2428 1101 2471 peccantes
1114 2421 1237 2457 redire
1257 2427 1421 2469 cogeret,

170 2474 192 2508 4
220 2483 306 2516 non,
328 2473 394 2521 qui
415 2473 529 2510 urbes
549 2474 804 2510 nobilissimas
823 2480 1062 2523 expugnaret
1091 2472 1266 2510 Graeciae.
1324 2470 1421 2510 Nam
