1651 2790
490 219 651 260 XXIII.
717 223 778 258 13.
839 217 1111 271 (ΙΙαηηιῗὺαῖ.)
1342 219 1397 256 95

191 323 336 373 scripti,
355 323 433 371 qui,
455 321 678 358 Hannibale
696 321 793 365 vivo,
827 332 1036 368 numquam
1071 332 1110 355 se
1144 319 1225 355 sinc
1254 317 1400 354 insidiis

192 376 339 414 futuros
359 375 634 418 existimarent,
657 373 801 423 legatos
829 373 868 408 in
898 372 1121 418 Bithyniam
1143 371 1339 415 miserunt,
1361 370 1400 405 in

192 430 252 466 his
271 428 545 471 Flamininum,
561 427 626 475 qui
647 427 694 462 ab
716 438 805 475 rege
827 431 1011 474 peterent,
1028 436 1074 459 ne
1092 423 1399 459 inimicissimum

191 494 305 519 suum
322 493 455 517 secum
475 480 645 523 haberet,
668 478 815 527 sibique
837 477 1005 513 dederet.
1064 475 1137 511 His
1158 475 1314 511 Prusias
1335 487 1398 511 ne-

191 547 284 584 gare
306 545 425 570 ausus
458 545 532 568 non
567 539 647 578 est;
681 531 778 567 illud
813 529 1020 573 recusavit,
1055 541 1102 564 ne
1132 527 1169 563 id
1190 540 1213 563 a
1242 540 1282 563 se
1315 528 1398 564 fieri

192 581 440 638 postularent,
476 584 577 634 quod
614 583 798 620 adversus
822 583 888 631 jus
920 582 1071 631 hospitii
1098 586 1221 625 esset3
1254 580 1337 628 ipsi,
1367 580 1399 616 si

192 645 355 689 possent,
386 636 776 687 comprehenderent:
807 635 948 679 locum,
971 635 1036 670 ubi
1066 639 1178 677 esset,
1202 632 1314 669 facile
1344 633 1398 668 in-

193 699 387 729 venturos.
418 689 613 726 Hannibal
634 689 736 725 enim
752 700 827 724 uno
840 688 922 724 loco
935 699 976 723 se
996 687 1149 723 tenebat
1168 686 1207 721 in
1228 685 1398 728 castello,

192 744 291 793 quod
312 743 348 780 ei
378 744 424 780 ab
445 755 534 792 rege
555 741 684 778 datum
706 747 789 778 erat
811 740 984 776 muneri:
1014 739 1130 788 idque
1159 737 1216 775 sic
1236 737 1398 775 aedifica-

194 804 262 841 rat,
292 804 332 833 ut
355 796 393 832 in
413 795 588 833 omnibus
609 794 780 844 partibus
800 793 952 829 aedificii
971 792 1117 829 exitum
1138 790 1210 828 sibi
1230 791 1398 835 haberet,

192 861 344 898 semper
375 860 524 892 verenS,
560 860 607 884 ne
643 859 715 883 usu
749 846 909 891 veniret,
944 844 1046 894 quod
1084 844 1236 880 accidit.
1308 843 1399 879 Huc

192 914 311 950 quum
332 902 449 951 legati
479 900 740 936 Romanorum
762 899 967 943 venissent,
991 910 1036 934 ac
1066 896 1309 933 multitudine
1339 895 1399 931 do-

194 967 298 990 mum
327 955 411 1004 ejus
431 951 904 1000 circumdedissent,‚puer
938 951 984 987 ab
1011 951 1133 999 janua
1167 949 1401 999 prospiciens

192 1006 404 1044 Hannibali
426 1005 531 1050 dixit,
555 1005 685 1054 plures
719 1011 856 1053 praeter
887 1002 1202 1040 consuetudinem
1237 1007 1401 1037 armatos

193 1060 391 1108 apparere.
449 1058 529 1100 Qui
543 1058 744 1106 imperavit
763 1057 809 1101 ei,
833 1063 873 1092 ut
886 1069 1016 1092 omnes
1037 1054 1136 1091 fores
1157 1054 1307 1090 aedificii
1328 1054 1400 1089 cir-

192 1112 367 1157 cumiret,
390 1124 435 1148 ac
458 1123 615 1159 propere
642 1110 713 1145 sibi
734 1109 983 1153 renuntiaret,
1011 1119 1103 1143 num
1128 1106 1260 1143 eodem
1291 1105 1399 1141 modo

194 1163 362 1213 undique
382 1163 631 1201 obsideretur.
690 1162 792 1198 Puer
812 1174 933 1210 quum
960 1160 1148 1204 celeriter,
1169 1158 1258 1207 quid
1287 1165 1399 1202 esset,

193 1218 460 1261 renuntiasset,
495 1227 704 1263 omnesque
743 1215 868 1251 exitus
901 1219 1108 1261 occupatos
1145 1211 1397 1256 ostendisset;

193 1269 322 1314 sensit,
344 1269 381 1305 id
415 1281 489 1305 non
520 1267 673 1305 fortuito
703 1266 860 1311 factum,
891 1265 954 1302 sed
990 1279 1030 1302 se
1062 1264 1150 1314 peti,
1172 1276 1297 1313 neque
1329 1263 1401 1300 sibi

193 1319 336 1357 diutius
355 1322 473 1358 vitam
493 1333 577 1357 esse
599 1319 849 1356 retinendam.
908 1319 1039 1360 Quam
1072 1329 1121 1353 ne
1156 1316 1282 1353 alieno
1303 1316 1400 1352 arbi-

194 1372 265 1408 trio
295 1373 512 1417 dimitteret,
535 1384 682 1408 memor
708 1373 956 1420 pristinarum
977 1371 1175 1414 virtutum,
1207 1381 1401 1405 venenum

194 1425 294 1473 quod
315 1437 467 1473 semper
486 1437 618 1460 secum
642 1425 783 1460 habere
803 1429 1070 1466 consueverat,
1093 1422 1266 1469 sumpsit.

250 1476 355 1514 XIII.
387 1477 452 1513 Sic
473 1477 531 1512 vir
552 1475 791 1518 fortissimus,
813 1475 943 1511 multis
963 1475 1156 1521 variisque
1177 1472 1401 1521 perfunctus

195 1527 403 1573 laboribus,
428 1541 526 1565 anno
550 1529 751 1578 *acquievit
784 1527 1078 1575 septuagesimo.
1136 1525 1289 1567 Quibus
1313 1537 1399 1561 con-

195 1581 344 1618 sulibus
364 1581 561 1625 interierit,
582 1593 658 1616 non
679 1581 868 1616 convenit.
909 1579 1090 1626 Namque
1111 1578 1277 1620 Atticus,
1301 1576 1400 1613 Mar-

194 1645 240 1670 co
256 1633 416 1670 Claudio
438 1633 637 1677 Marcello,
655 1632 704 1674 Q.
724 1633 843 1669 Fabio
865 1631 1044 1668 Labeone
1065 1630 1172 1667 Coss.
1197 1636 1399 1673 mortuum,

194 1685 233 1720 in
254 1686 383 1722 annali
403 1698 472 1722 suo
491 1686 676 1734 scriptum
694 1685 871 1732 reliquit3
905 1690 941 1720 at
963 1683 1156 1731 Polybius,
1172 1681 1219 1718 L.
1243 1682 1402 1718 AEmilio

196 1737 334 1774 Paullo
362 1744 398 1774 et
431 1737 502 1774 Cn.
525 1738 656 1774 Baebio
691 1737 920 1785 Tamphilo3
953 1736 1150 1784 Sulpicius
1184 1741 1325 1779 aute-m,
1356 1734 1398 1770 P.

194 1790 371 1828 Cornelio
404 1790 584 1840 Cethego,
621 1789 674 1825 M.
711 1789 841 1826 Baebio
876 1788 1094 1837 Tamphilo.
1170 1788 1300 1835 Atque
1339 1786 1401 1823 hio

195 1850 324 1880 tantus
345 1843 402 1879 vir
427 1843 618 1891 tantisque
650 1842 761 1878 bellis
789 1841 985 1878 districtus
1017 1839 1190 1876 nonnihil
1221 1840 1403 1888 temporis

195 1896 328 1932 tribuit
348 1895 496 1932 litteris.
553 1895 733 1944 Namque
755 1894 900 1942 aliquot
920 1893 1004 1942 ejus
1034 1893 1120 1929 libri
1140 1898 1240 1937 sunt,
1263 1892 1401 1928 Graeco

195 1960 370 1984 sermone
401 1947 589 1994 confecti;
635 1948 675 1983 in
709 1947 767 1983 his
796 1946 843 1983 ad
877 1946 1044 1982 Rhodios
1077 1945 1122 1981 de
1156 1944 1227 1981 Cn.
1264 1944 1402 1980 Manlii

197 2000 380 2037 Vulsonis
400 2001 439 2036 in
460 2001 559 2036 Asia
580 2000 694 2036 rebus
714 2000 844 2049 gestis.
894 1998 1026 2047 Hujus
1046 1997 1148 2034 bella
1167 2004 1273 2046 gesta
1293 1997 1402 2033 multi

198 2054 390 2089 memoriae
423 2052 693 2102 prodiderunt:
723 2051 788 2088 sed
824 2064 871 2088 ex
905 2051 964 2087 his
984 2051 1069 2094 duo,
1091 2051 1157 2098 qui
1187 2061 1277 2085 cum
1299 2062 1343 2086 eo
1363 2050 1402 2085 in

197 2106 334 2142 castris
372 2104 530 2141 fuerunt
573 2105 766 2153 simulque
801 2105 990 2147 vixerunt,
1029 2110 1213 2150 quamdiu
1253 2101 1402 2138 fortuna

198 2169 310 2205 passa
343 2163 410 2201 est,
443 2157 610 2201 Silenus,
633 2163 670 2193 et
700 2156 848 2193 Sosilus
882 2155 1213 2192 Lacedaemonius.
1272 2154 1402 2202 Atque

198 2209 270 2245 hoc
290 2208 412 2244 Sosilo
432 2209 627 2245 Hannibal
643 2209 858 2245 litterarum
880 2208 1108 2244 Graecarum
1130 2219 1222 2243 usus
1243 2214 1298 2242 est
1318 2206 1403 2242 doc-

198 2267 292 2297 tore.
350 2260 425 2296 Sed
456 2273 524 2297 nos
556 2268 707 2310 tempus
727 2268 783 2297 est
817 2261 933 2309 hujus
952 2260 1039 2296 libri
1071 2259 1197 2295 facere
1218 2259 1346 2302 finem,
1368 2264 1404 2295 et

199 2312 460 2349 Romanorum
474 2313 668 2361 explicare
684 2313 954 2362 imperatores:
985 2323 1060 2360 quo
1081 2311 1236 2348 facilius
1255 2310 1405 2347 collatis

199 2372 450 2414 utrorumque
472 2364 594 2410 factis,
622 2365 689 2413 qui
709 2365 783 2401 viri
811 2364 1038 2414 praeferendi
1058 2364 1144 2409 sint,
1166 2363 1281 2413 possit
1304 2362 1404 2412 judi-

199 2429 293 2454 cari.

1427 476 1448 510 3
