<?xml version="1.0" encoding="UTF-8"?>
<!DOCTYPE html PUBLIC "-//W3C//DTD XHTML 1.0 Transitional//EN"
    "http://www.w3.org/TR/xhtml1/DTD/xhtml1-transitional.dtd">
<html xmlns="http://www.w3.org/1999/xhtml" xml:lang="en" lang="en">
 <head>
  <title>
</title>
<meta http-equiv="Content-Type" content="text/html;charset=utf-8" />
  <meta name='ocr-system' content='tesseract 3.04.00' />
  <meta name='ocr-capabilities' content='ocr_page ocr_carea ocr_par ocr_line ocrx_word'/>
</head>
<body>
  <div class='ocr_page' id='page_1' title='image "./corneliusneposs00nepouoft_0088.png"; bbox 0 0 1651 2790; ppageno 0'>
   <div class='ocr_carea' id='block_1_1' title="bbox 245 243 1137 298">
    <p class='ocr_par' dir='ltr' id='par_1_1' title="bbox 245 243 1137 298">
     <span class='ocr_line' id='line_1_1' title="bbox 245 243 1137 298; baseline -0.001 -13"><span class='ocrx_word' id='word_1_1' title='bbox 245 248 298 286; x_wconf 78' lang='lat'>‘30</span> <span class='ocrx_word' id='word_1_2' title='bbox 562 243 680 285; x_wconf 90' lang='lat' dir='ltr'>XIX.</span> <span class='ocrx_word' id='word_1_3' title='bbox 745 250 777 292; x_wconf 89' lang='lat'>1,</span> <span class='ocrx_word' id='word_1_4' title='bbox 799 249 837 285; x_wconf 75' lang='lat'>2.</span> <span class='ocrx_word' id='word_1_5' title='bbox 902 243 1137 298; x_wconf 78' lang='lat' dir='ltr'>(Phocion.)</span> 
     </span>
    </p>
   </div>
   <div class='ocr_carea' id='block_1_2' title="bbox 185 346 1447 1182">
    <p class='ocr_par' dir='ltr' id='par_1_2' title="bbox 240 346 1445 448">
     <span class='ocr_line' id='line_1_2' title="bbox 240 346 1445 396; baseline 0.001 -14"><span class='ocrx_word' id='word_1_6' title='bbox 240 347 455 395; x_wconf 77' lang='lat' dir='ltr'>repulisset,</span> <span class='ocrx_word' id='word_1_7' title='bbox 496 348 632 396; x_wconf 85' lang='lat' dir='ltr'>partim</span> <span class='ocrx_word' id='word_1_8' title='bbox 673 346 937 391; x_wconf 78' lang='lat' dir='ltr'><strong>interfecisset,</strong></span> <span class='ocrx_word' id='word_1_9' title='bbox 977 353 1113 396; x_wconf 83' lang='lat' dir='ltr'>eaptus</span> <span class='ocrx_word' id='word_1_10' title='bbox 1151 360 1224 385; x_wconf 91' lang='lat' dir='ltr'>non</span> <span class='ocrx_word' id='word_1_11' title='bbox 1263 348 1445 396; x_wconf 83' lang='lat' dir='ltr'>Antigom</span> 
     </span>
     <span class='ocr_line' id='line_1_3' title="bbox 240 399 1445 448; baseline 0.001 -13"><span class='ocrx_word' id='word_1_12' title='bbox 240 400 393 445; x_wconf 82' lang='lat' dir='ltr'>virtute,</span> <span class='ocrx_word' id='word_1_13' title='bbox 416 399 481 436; x_wconf 89' lang='lat' dir='ltr'>sed</span> <span class='ocrx_word' id='word_1_14' title='bbox 518 399 772 436; x_wconf 75' lang='lat' dir='ltr'>Macedonum</span> <span class='ocrx_word' id='word_1_15' title='bbox 806 400 985 448; x_wconf 87' lang='lat' dir='ltr'>perjurio,</span> <span class='ocrx_word' id='word_1_16' title='bbox 1007 400 1123 436; x_wconf 80' lang='lat' dir='ltr'>talem</span> <span class='ocrx_word' id='word_1_17' title='bbox 1151 401 1283 437; x_wconf 77' lang='lat' dir='ltr'>habuit</span> <span class='ocrx_word' id='word_1_18' title='bbox 1302 401 1445 436; x_wconf 83' lang='lat' dir='ltr'>exitum</span> 
     </span>
    </p>

    <p class='ocr_par' dir='ltr' id='par_1_3' title="bbox 189 451 1447 606">
     <span class='ocr_line' id='line_1_4' title="bbox 189 451 1446 501; baseline 0.001 -14"><span class='ocrx_word' id='word_1_19' title='bbox 189 454 211 487; x_wconf 83' lang='lat'>2</span> <span class='ocrx_word' id='word_1_20' title='bbox 241 453 340 488; x_wconf 81' lang='lat' dir='ltr'>vitae.</span> <span class='ocrx_word' id='word_1_21' title='bbox 398 452 442 489; x_wconf 90' lang='lat' dir='ltr'>In</span> <span class='ocrx_word' id='word_1_22' title='bbox 462 464 536 500; x_wconf 87' lang='lat' dir='ltr'>quo</span> <span class='ocrx_word' id='word_1_23' title='bbox 565 458 710 500; x_wconf 86' lang='lat' dir='ltr'>quanta</span> <span class='ocrx_word' id='word_1_24' title='bbox 731 451 846 488; x_wconf 88' lang='lat' dir='ltr'>fuerit</span> <span class='ocrx_word' id='word_1_25' title='bbox 874 453 1043 488; x_wconf 87' lang='lat' dir='ltr'>omnium</span> <span class='ocrx_word' id='word_1_26' title='bbox 1063 453 1187 501; x_wconf 90' lang='lat' dir='ltr'>opinio</span> <span class='ocrx_word' id='word_1_27' title='bbox 1216 465 1360 497; x_wconf 85' lang='lat' dir='ltr'>eorum,</span> <span class='ocrx_word' id='word_1_28' title='bbox 1381 464 1446 500; x_wconf 80' lang='lat' dir='ltr'>qul</span> 
     </span>
     <span class='ocr_line' id='line_1_5' title="bbox 240 504 1447 553; baseline 0 -13"><span class='ocrx_word' id='word_1_29' title='bbox 240 511 321 553; x_wconf 90' lang='lat' dir='ltr'>post</span> <span class='ocrx_word' id='word_1_30' title='bbox 342 504 611 541; x_wconf 74' lang='lat' dir='ltr'>Alexandrum</span> <span class='ocrx_word' id='word_1_31' title='bbox 632 504 819 553; x_wconf 85' lang='lat' dir='ltr'>Magnum</span> <span class='ocrx_word' id='word_1_32' title='bbox 849 516 959 553; x_wconf 85' lang='lat' dir='ltr'>reges</span> <span class='ocrx_word' id='word_1_33' title='bbox 979 511 1066 541; x_wconf 89' lang='lat' dir='ltr'>sunt</span> <span class='ocrx_word' id='word_1_34' title='bbox 1096 504 1286 553; x_wconf 74' lang='lat' dir='ltr'>appellati,</span> <span class='ocrx_word' id='word_1_35' title='bbox 1309 517 1355 540; x_wconf 78' lang='lat' dir='ltr'>ex</span> <span class='ocrx_word' id='word_1_36' title='bbox 1376 504 1447 540; x_wconf 84' lang='lat' dir='ltr'>hoe</span> 
     </span>
     <span class='ocr_line' id='line_1_6' title="bbox 241 556 1445 606; baseline 0 -14"><span class='ocrx_word' id='word_1_37' title='bbox 241 556 423 593; x_wconf 72' lang='lat' dir='ltr'>facillime</span> <span class='ocrx_word' id='word_1_38' title='bbox 445 564 564 606; x_wconf 87' lang='lat' dir='ltr'>potest</span> <span class='ocrx_word' id='word_1_39' title='bbox 587 557 767 605; x_wconf 84' lang='lat' dir='ltr'>judicari,</span> <span class='ocrx_word' id='word_1_40' title='bbox 790 556 888 604; x_wconf 91' lang='lat' dir='ltr'>quod</span> <span class='ocrx_word' id='word_1_41' title='bbox 918 569 1040 600; x_wconf 91' lang='lat' dir='ltr'>nemo,</span> <span class='ocrx_word' id='word_1_42' title='bbox 1062 556 1238 593; x_wconf 85' lang='lat' dir='ltr'>Eumene</span> <span class='ocrx_word' id='word_1_43' title='bbox 1259 557 1357 601; x_wconf 91' lang='lat' dir='ltr'>vivo,</span> <span class='ocrx_word' id='word_1_44' title='bbox 1379 569 1445 592; x_wconf 83' lang='lat' dir='ltr'>rex</span> 
     </span>
    </p>

    <p class='ocr_par' dir='ltr' id='par_1_4' title="bbox 186 607 1447 920">
     <span class='ocr_line' id='line_1_7' title="bbox 186 607 1445 658; baseline -0.002 -13"><span class='ocrx_word' id='word_1_45' title='bbox 186 611 209 645; x_wconf 70' lang='grc' dir='ltr'><em>ὅ</em></span> <span class='ocrx_word' id='word_1_46' title='bbox 242 610 455 658; x_wconf 86' lang='lat' dir='ltr'>appellatus</span> <span class='ocrx_word' id='word_1_47' title='bbox 475 616 542 654; x_wconf 83' lang='lat' dir='ltr'>est,</span> <span class='ocrx_word' id='word_1_48' title='bbox 558 609 623 645; x_wconf 90' lang='lat' dir='ltr'>sed</span> <span class='ocrx_word' id='word_1_49' title='bbox 644 607 869 658; x_wconf 81' lang='lat' dir='ltr'>praefectus3</span> <span class='ocrx_word' id='word_1_50' title='bbox 893 608 1007 644; x_wconf 87' lang='lat' dir='ltr'>iidem</span> <span class='ocrx_word' id='word_1_51' title='bbox 1029 615 1109 657; x_wconf 88' lang='lat' dir='ltr'>post</span> <span class='ocrx_word' id='word_1_52' title='bbox 1129 609 1244 657; x_wconf 82' lang='lat' dir='ltr'>hujus</span> <span class='ocrx_word' id='word_1_53' title='bbox 1263 621 1445 645; x_wconf 86' lang='lat' dir='ltr'>occasum</span> 
     </span>
     <span class='ocr_line' id='line_1_8' title="bbox 239 662 1445 710; baseline -0.001 -13"><span class='ocrx_word' id='word_1_54' title='bbox 239 662 364 698; x_wconf 83' lang='lat' dir='ltr'>statim</span> <span class='ocrx_word' id='word_1_55' title='bbox 400 662 551 710; x_wconf 85' lang='lat' dir='ltr'>regium</span> <span class='ocrx_word' id='word_1_56' title='bbox 584 667 761 697; x_wconf 84' lang='lat' dir='ltr'>ornatum</span> <span class='ocrx_word' id='word_1_57' title='bbox 795 672 1009 709; x_wconf 83' lang='lat' dir='ltr'>nomenque</span> <span class='ocrx_word' id='word_1_58' title='bbox 1043 667 1274 705; x_wconf 80' lang='lat' dir='ltr'>sumserunt,</span> <span class='ocrx_word' id='word_1_59' title='bbox 1309 672 1445 708; x_wconf 89' lang='lat' dir='ltr'>neque,</span> 
     </span>
     <span class='ocr_line' id='line_1_9' title="bbox 238 712 1447 762; baseline -0.002 -13"><span class='ocrx_word' id='word_1_60' title='bbox 238 714 339 762; x_wconf 87' lang='lat' dir='ltr'>quod</span> <span class='ocrx_word' id='word_1_61' title='bbox 373 715 480 750; x_wconf 81' lang='lat' dir='ltr'>initio</span> <span class='ocrx_word' id='word_1_62' title='bbox 514 713 781 762; x_wconf 79' lang='lat' dir='ltr'>praedicarant,</span> <span class='ocrx_word' id='word_1_63' title='bbox 815 725 854 748; x_wconf 88' lang='lat' dir='ltr'>se</span> <span class='ocrx_word' id='word_1_64' title='bbox 876 712 1091 748; x_wconf 79' lang='lat' dir='ltr'>Alexandri</span> <span class='ocrx_word' id='word_1_65' title='bbox 1123 712 1254 748; x_wconf 88' lang='lat' dir='ltr'>liberis</span> <span class='ocrx_word' id='word_1_66' title='bbox 1284 724 1447 761; x_wconf 83' lang='lat' dir='ltr'>regnum</span> 
     </span>
     <span class='ocr_line' id='line_1_10' title="bbox 238 765 1445 815; baseline -0.002 -13"><span class='ocrx_word' id='word_1_67' title='bbox 238 778 405 811; x_wconf 85' lang='lat' dir='ltr'>servare,</span> <span class='ocrx_word' id='word_1_68' title='bbox 427 773 607 815; x_wconf 82' lang='lat' dir='ltr'>praestare</span> <span class='ocrx_word' id='word_1_69' title='bbox 628 766 843 809; x_wconf 73' lang='lat' dir='ltr'>voluerunt,</span> <span class='ocrx_word' id='word_1_70' title='bbox 874 772 921 809; x_wconf 81' lang='grc'>61,</span> <span class='ocrx_word' id='word_1_71' title='bbox 945 777 1019 800; x_wconf 86' lang='grc'><strong>11110</strong></span> <span class='ocrx_word' id='word_1_72' title='bbox 1050 770 1328 813; x_wconf 80' lang='lat' dir='ltr'>propugnatore</span> <span class='ocrx_word' id='word_1_73' title='bbox 1359 765 1445 800; x_wconf 88' lang='lat' dir='ltr'>sub-</span> 
     </span>
     <span class='ocr_line' id='line_1_11' title="bbox 239 816 1445 868; baseline -0.002 -14"><span class='ocrx_word' id='word_1_74' title='bbox 239 818 326 863; x_wconf 87' lang='lat' dir='ltr'>lato,</span> <span class='ocrx_word' id='word_1_75' title='bbox 348 819 439 868; x_wconf 90' lang='lat' dir='ltr'>quid</span> <span class='ocrx_word' id='word_1_76' title='bbox 460 818 653 862; x_wconf 76' lang='lat' dir='ltr'>sentirent,</span> <span class='ocrx_word' id='word_1_77' title='bbox 677 824 922 866; x_wconf 86' lang='lat' dir='ltr'>aperuerunt.</span> <span class='ocrx_word' id='word_1_78' title='bbox 982 816 1111 863; x_wconf 83' lang='lat' dir='ltr'>Hujus</span> <span class='ocrx_word' id='word_1_79' title='bbox 1131 817 1288 853; x_wconf 87' lang='lat' dir='ltr'>sceleris</span> <span class='ocrx_word' id='word_1_80' title='bbox 1309 816 1445 865; x_wconf 87' lang='lat' dir='ltr'>princi-</span> 
     </span>
     <span class='ocr_line' id='line_1_12' title="bbox 238 868 1445 920; baseline -0.002 -14"><span class='ocrx_word' id='word_1_81' title='bbox 238 883 303 919; x_wconf 89' lang='lat' dir='ltr'>pes</span> <span class='ocrx_word' id='word_1_82' title='bbox 334 870 490 908; x_wconf 86' lang='lat' dir='ltr'>fuerunt</span> <span class='ocrx_word' id='word_1_83' title='bbox 520 871 751 920; x_wconf 85' lang='lat' dir='ltr'>Antigonus,</span> <span class='ocrx_word' id='word_1_84' title='bbox 782 869 1021 913; x_wconf 57' lang='lat' dir='ltr'>Ptolemaeus,</span> <span class='ocrx_word' id='word_1_85' title='bbox 1044 869 1244 913; x_wconf 80' lang='lat' dir='ltr'>Seleucus,</span> <span class='ocrx_word' id='word_1_86' title='bbox 1267 868 1445 916; x_wconf 81' lang='lat' dir='ltr'>Lysima-</span> 
     </span>
    </p>

    <p class='ocr_par' dir='ltr' id='par_1_5' title="bbox 185 921 1446 1182">
     <span class='ocr_line' id='line_1_13' title="bbox 185 921 1446 971; baseline -0.003 -11"><span class='ocrx_word' id='word_1_87' title='bbox 185 926 208 960; x_wconf 88' lang='lat'>4</span> <span class='ocrx_word' id='word_1_88' title='bbox 237 923 345 968; x_wconf 82' lang='lat' dir='ltr'>chus⁷</span> <span class='ocrx_word' id='word_1_89' title='bbox 362 923 591 960; x_wconf 77' lang='lat' dir='ltr'>Cassander.</span> <span class='ocrx_word' id='word_1_90' title='bbox 642 922 860 971; x_wconf 81' lang='lat' dir='ltr'>Antigonus</span> <span class='ocrx_word' id='word_1_91' title='bbox 877 928 1004 957; x_wconf 87' lang='lat' dir='ltr'>autem</span> <span class='ocrx_word' id='word_1_92' title='bbox 1021 921 1238 957; x_wconf 78' lang='lat' dir='ltr'>Eumenem</span> <span class='ocrx_word' id='word_1_93' title='bbox 1254 927 1446 956; x_wconf 76' lang='lat' dir='ltr'>mortuum</span> 
     </span>
     <span class='ocr_line' id='line_1_14' title="bbox 238 973 1444 1024; baseline -0.003 -12"><span class='ocrx_word' id='word_1_94' title='bbox 238 977 458 1024; x_wconf 85' lang='lat' dir='ltr'>propinquis</span> <span class='ocrx_word' id='word_1_95' title='bbox 490 975 574 1023; x_wconf 85' lang='lat' dir='ltr'>ejus</span> <span class='ocrx_word' id='word_1_96' title='bbox 594 974 856 1023; x_wconf 88' lang='lat' dir='ltr'>sepeliendum</span> <span class='ocrx_word' id='word_1_97' title='bbox 890 973 1058 1010; x_wconf 80' lang='lat' dir='ltr'>tradidit.</span> <span class='ocrx_word' id='word_1_98' title='bbox 1116 973 1169 1009; x_wconf 89' lang='lat' dir='ltr'>Hi</span> <span class='ocrx_word' id='word_1_99' title='bbox 1203 973 1360 1009; x_wconf 86' lang='lat' dir='ltr'>militari</span> <span class='ocrx_word' id='word_1_100' title='bbox 1382 973 1444 1008; x_wconf 91' lang='lat' dir='ltr'>ho-</span> 
     </span>
     <span class='ocr_line' id='line_1_15' title="bbox 239 1026 1445 1071; baseline -0.002 -8"><span class='ocrx_word' id='word_1_101' title='bbox 239 1036 345 1065; x_wconf 90' lang='lat' dir='ltr'>nesto</span> <span class='ocrx_word' id='word_1_102' title='bbox 392 1028 540 1071; x_wconf 84' lang='lat' dir='ltr'>funere,</span> <span class='ocrx_word' id='word_1_103' title='bbox 581 1027 785 1063; x_wconf 87' lang='lat' dir='ltr'>comitante</span> <span class='ocrx_word' id='word_1_104' title='bbox 833 1032 907 1062; x_wconf 87' lang='lat' dir='ltr'>toto</span> <span class='ocrx_word' id='word_1_105' title='bbox 950 1027 1135 1070; x_wconf 75' lang='lat' dir='ltr'>exercitu,</span> <span class='ocrx_word' id='word_1_106' title='bbox 1176 1026 1445 1069; x_wconf 84' lang='lat' dir='ltr'>humaverunt,</span> 
     </span>
     <span class='ocr_line' id='line_1_16' title="bbox 237 1078 1446 1130; baseline -0.003 -13"><span class='ocrx_word' id='word_1_107' title='bbox 237 1093 400 1130; x_wconf 84' lang='lat' dir='ltr'>ossaque</span> <span class='ocrx_word' id='word_1_108' title='bbox 421 1081 504 1129; x_wconf 86' lang='lat' dir='ltr'>ejus</span> <span class='ocrx_word' id='word_1_109' title='bbox 524 1081 562 1115; x_wconf 92' lang='lat' dir='ltr'>in</span> <span class='ocrx_word' id='word_1_110' title='bbox 585 1079 869 1127; x_wconf 78' lang='lat' dir='ltr'>Cappadociam</span> <span class='ocrx_word' id='word_1_111' title='bbox 890 1078 936 1114; x_wconf 87' lang='lat' dir='ltr'>ad</span> <span class='ocrx_word' id='word_1_112' title='bbox 967 1085 1129 1114; x_wconf 86' lang='lat' dir='ltr'>matrem</span> <span class='ocrx_word' id='word_1_113' title='bbox 1151 1084 1265 1127; x_wconf 86' lang='lat' dir='ltr'>atque</span> <span class='ocrx_word' id='word_1_114' title='bbox 1287 1089 1446 1113; x_wconf 81' lang='lat' dir='ltr'>uxorem</span> 
     </span>
     <span class='ocr_line' id='line_1_17' title="bbox 237 1131 1034 1182; baseline -0.003 -14"><span class='ocrx_word' id='word_1_115' title='bbox 237 1132 454 1182; x_wconf 86' lang='lat' dir='ltr'>liberosque</span> <span class='ocrx_word' id='word_1_116' title='bbox 476 1132 559 1181; x_wconf 86' lang='lat' dir='ltr'>ejus</span> <span class='ocrx_word' id='word_1_117' title='bbox 579 1131 814 1180; x_wconf 84' lang='lat' dir='ltr'>deportanda</span> <span class='ocrx_word' id='word_1_118' title='bbox 834 1137 1034 1167; x_wconf 80' lang='lat' dir='ltr'>curarunt.</span> 
     </span>
    </p>
   </div>
   <div class='ocr_carea' id='block_1_3' title="bbox 490 1403 1190 1452">
    <p class='ocr_par' dir='ltr' id='par_1_6' title="bbox 490 1403 1190 1452">
     <span class='ocr_line' id='line_1_18' title="bbox 490 1403 1190 1452; baseline -0.004 0"><span class='ocrx_word' id='word_1_119' title='bbox 490 1405 674 1452; x_wconf 88' lang='lat' dir='ltr'>XIX.</span> <span class='ocrx_word' id='word_1_120' title='bbox 750 1403 1190 1451; x_wconf 82' lang='lat' dir='ltr'><strong>PHOCION.</strong></span> 
     </span>
    </p>
   </div>
   <div class='ocr_carea' id='block_1_4' title="bbox 187 1600 1448 2540">
    <p class='ocr_par' dir='ltr' id='par_1_7' title="bbox 189 1600 1448 1805">
     <span class='ocr_line' id='line_1_19' title="bbox 189 1600 1448 1660; baseline -0.002 -19"><span class='ocrx_word' id='word_1_121' title='bbox 189 1609 207 1642; x_wconf 88' lang='lat'>1.</span> <span class='ocrx_word' id='word_1_122' title='bbox 292 1605 322 1641; x_wconf 88' lang='grc' dir='ltr'>Ι.</span> <span class='ocrx_word' id='word_1_123' title='bbox 354 1604 532 1649; x_wconf 77' lang='lat' dir='ltr'>Phocion,</span> <span class='ocrx_word' id='word_1_124' title='bbox 554 1603 805 1648; x_wconf 76' lang='lat' dir='ltr'>Atheniensis,</span> <span class='ocrx_word' id='word_1_125' title='bbox 828 1604 897 1639; x_wconf 89' lang='lat' dir='ltr'>etsi</span> <span class='ocrx_word' id='word_1_126' title='bbox 926 1615 1024 1651; x_wconf 79' lang='lat' dir='ltr'>saepe</span> <span class='ocrx_word' id='word_1_127' title='bbox 1045 1602 1277 1638; x_wconf 79' lang='lat' dir='ltr'>exelcitibus</span> <span class='ocrx_word' id='word_1_128' title='bbox 1297 1600 1448 1660; x_wconf 74' lang='lat' dir='ltr'>praefuit</span> 
     </span>
     <span class='ocr_line' id='line_1_20' title="bbox 239 1654 1448 1716; baseline -0.003 -22.997"><span class='ocrx_word' id='word_1_129' title='bbox 239 1670 486 1716; x_wconf 81' lang='lat' dir='ltr'>summosque</span> <span class='ocrx_word' id='word_1_130' title='bbox 519 1657 764 1706; x_wconf 80' lang='lat' dir='ltr'>magistratus</span> <span class='ocrx_word' id='word_1_131' title='bbox 793 1656 905 1704; x_wconf 83' lang='lat' dir='ltr'>cepit,</span> <span class='ocrx_word' id='word_1_132' title='bbox 936 1662 1063 1691; x_wconf 87' lang='lat' dir='ltr'>tamen</span> <span class='ocrx_word' id='word_1_133' title='bbox 1084 1654 1204 1689; x_wconf 86' lang='lat' dir='ltr'>multo</span> <span class='ocrx_word' id='word_1_134' title='bbox 1223 1654 1306 1702; x_wconf 90' lang='lat' dir='ltr'>ejus</span> <span class='ocrx_word' id='word_1_135' title='bbox 1326 1654 1448 1690; x_wconf 90' lang='lat' dir='ltr'>notior</span> 
     </span>
     <span class='ocr_line' id='line_1_21' title="bbox 239 1705 1447 1758; baseline -0.002 -13"><span class='ocrx_word' id='word_1_136' title='bbox 239 1710 438 1758; x_wconf 81' lang='lat' dir='ltr'>integritas</span> <span class='ocrx_word' id='word_1_137' title='bbox 460 1710 558 1753; x_wconf 79' lang='lat' dir='ltr'>vitae,</span> <span class='ocrx_word' id='word_1_138' title='bbox 581 1721 697 1757; x_wconf 87' lang='lat' dir='ltr'>quam</span> <span class='ocrx_word' id='word_1_139' title='bbox 719 1708 774 1744; x_wconf 84' lang='lat' dir='ltr'>rei</span> <span class='ocrx_word' id='word_1_140' title='bbox 806 1707 980 1743; x_wconf 88' lang='lat' dir='ltr'>militaris</span> <span class='ocrx_word' id='word_1_141' title='bbox 1001 1707 1119 1742; x_wconf 87' lang='lat' dir='ltr'>labor.</span> <span class='ocrx_word' id='word_1_142' title='bbox 1177 1705 1310 1754; x_wconf 87' lang='lat' dir='ltr'>Itaque</span> <span class='ocrx_word' id='word_1_143' title='bbox 1331 1705 1447 1753; x_wconf 83' lang='lat' dir='ltr'>hujus</span> 
     </span>
     <span class='ocr_line' id='line_1_22' title="bbox 239 1757 1447 1806; baseline -0.002 -10"><span class='ocrx_word' id='word_1_144' title='bbox 239 1762 424 1797; x_wconf 88' lang='lat' dir='ltr'>memoria</span> <span class='ocrx_word' id='word_1_145' title='bbox 444 1768 498 1797; x_wconf 85' lang='lat' dir='ltr'>est</span> <span class='ocrx_word' id='word_1_146' title='bbox 530 1761 650 1805; x_wconf 86' lang='lat' dir='ltr'>nulla,</span> <span class='ocrx_word' id='word_1_147' title='bbox 682 1760 785 1796; x_wconf 89' lang='lat' dir='ltr'>illius</span> <span class='ocrx_word' id='word_1_148' title='bbox 816 1766 944 1795; x_wconf 89' lang='lat' dir='ltr'>autem</span> <span class='ocrx_word' id='word_1_149' title='bbox 975 1770 1114 1806; x_wconf 84' lang='lat' dir='ltr'>magna</span> <span class='ocrx_word' id='word_1_150' title='bbox 1148 1757 1273 1793; x_wconf 82' lang='lat' dir='ltr'>fama·</span> <span class='ocrx_word' id='word_1_151' title='bbox 1304 1770 1351 1793; x_wconf 84' lang='lat' dir='ltr'>ex</span> <span class='ocrx_word' id='word_1_152' title='bbox 1372 1770 1447 1805; x_wconf 91' lang='lat' dir='ltr'>quo</span> 
     </span>
    </p>

    <p class='ocr_par' dir='ltr' id='par_1_8' title="bbox 187 1790 1447 1965">
     <span class='ocr_line' id='line_1_23' title="bbox 187 1790 1446 1862; baseline -0.002 -13"><span class='ocrx_word' id='word_1_153' title='bbox 187 1817 210 1849; x_wconf 84' lang='lat'>2</span> <span class='ocrx_word' id='word_1_154' title='bbox 240 1814 463 1862; x_wconf 85' lang='lat' dir='ltr'>cognomine</span> <span class='ocrx_word' id='word_1_155' title='bbox 495 1813 625 1849; x_wconf 85' lang='lat' dir='ltr'>Bonus</span> <span class='ocrx_word' id='word_1_156' title='bbox 654 1818 710 1848; x_wconf 87' lang='lat' dir='ltr'>est</span> <span class='ocrx_word' id='word_1_157' title='bbox 741 1811 967 1860; x_wconf 87' lang='lat' dir='ltr'>appellatus.</span> <span class='ocrx_word' id='word_1_158' title='bbox 1023 1790 1114 1846; x_wconf 53' lang='lat' dir='ltr'>Fouit</span> <span class='ocrx_word' id='word_1_159' title='bbox 1142 1810 1244 1846; x_wconf 89' lang='lat' dir='ltr'>enim</span> <span class='ocrx_word' id='word_1_160' title='bbox 1264 1816 1446 1858; x_wconf 89' lang='lat' dir='ltr'>perpetuo</span> 
     </span>
     <span class='ocr_line' id='line_1_24' title="bbox 240 1861 1446 1914; baseline -0.002 -14"><span class='ocrx_word' id='word_1_161' title='bbox 240 1877 395 1914; x_wconf 86' lang='lat' dir='ltr'>pauper,</span> <span class='ocrx_word' id='word_1_162' title='bbox 410 1877 530 1913; x_wconf 89' lang='lat' dir='ltr'>quum</span> <span class='ocrx_word' id='word_1_163' title='bbox 551 1865 800 1901; x_wconf 85' lang='lat' dir='ltr'>divitissimus</span> <span class='ocrx_word' id='word_1_164' title='bbox 816 1876 897 1899; x_wconf 88' lang='lat' dir='ltr'>csse</span> <span class='ocrx_word' id='word_1_165' title='bbox 918 1869 1042 1911; x_wconf 88' lang='lat' dir='ltr'>posset</span> <span class='ocrx_word' id='word_1_166' title='bbox 1062 1868 1213 1911; x_wconf 90' lang='lat' dir='ltr'>propter</span> <span class='ocrx_word' id='word_1_167' title='bbox 1227 1861 1446 1909; x_wconf 87' lang='lat' dir='ltr'>frequentes</span> 
     </span>
     <span class='ocr_line' id='line_1_25' title="bbox 239 1913 1447 1965; baseline -0.002 -13"><span class='ocrx_word' id='word_1_168' title='bbox 239 1916 382 1953; x_wconf 86' lang='lat' dir='ltr'>delatos</span> <span class='ocrx_word' id='word_1_169' title='bbox 403 1918 564 1953; x_wconf 68' lang='lat' dir='ltr'>honores</span> <span class='ocrx_word' id='word_1_170' title='bbox 593 1922 871 1965; x_wconf 82' lang='lat' dir='ltr'>potestatesque</span> <span class='ocrx_word' id='word_1_171' title='bbox 892 1927 1073 1959; x_wconf 84' lang='lat' dir='ltr'>summas,</span> <span class='ocrx_word' id='word_1_172' title='bbox 1094 1926 1181 1962; x_wconf 83' lang='lat' dir='ltr'>quae</span> <span class='ocrx_word' id='word_1_173' title='bbox 1206 1913 1241 1949; x_wconf 88' lang='lat' dir='ltr'>ei</span> <span class='ocrx_word' id='word_1_174' title='bbox 1268 1926 1290 1949; x_wconf 90' lang='lat' dir='ltr'>a</span> <span class='ocrx_word' id='word_1_175' title='bbox 1310 1914 1447 1962; x_wconf 91' lang='lat' dir='ltr'>populo</span> 
     </span>
    </p>

    <p class='ocr_par' dir='ltr' id='par_1_9' title="bbox 187 1966 1446 2174">
     <span class='ocr_line' id='line_1_26' title="bbox 187 1966 1446 2017; baseline -0.002 -12"><span class='ocrx_word' id='word_1_176' title='bbox 187 1974 210 2006; x_wconf 77' lang='lat'><strong>3</strong></span> <span class='ocrx_word' id='word_1_177' title='bbox 240 1968 442 2005; x_wconf 75' lang='lat' dir='ltr'>dabantur.</span> <span class='ocrx_word' id='word_1_178' title='bbox 500 1969 578 2005; x_wconf 87' lang='lat' dir='ltr'>Hic</span> <span class='ocrx_word' id='word_1_179' title='bbox 607 1981 727 2017; x_wconf 90' lang='lat' dir='ltr'>quum</span> <span class='ocrx_word' id='word_1_180' title='bbox 750 1981 771 2004; x_wconf 90' lang='lat' dir='ltr'>a</span> <span class='ocrx_word' id='word_1_181' title='bbox 792 1980 882 2017; x_wconf 84' lang='lat' dir='ltr'>rege</span> <span class='ocrx_word' id='word_1_182' title='bbox 913 1966 1086 2015; x_wconf 88' lang='lat' dir='ltr'>Philippo</span> <span class='ocrx_word' id='word_1_183' title='bbox 1106 1978 1269 2002; x_wconf 86' lang='lat' dir='ltr'>munera</span> <span class='ocrx_word' id='word_1_184' title='bbox 1296 1978 1446 2014; x_wconf 87' lang='lat' dir='ltr'>magnae</span> 
     </span>
     <span class='ocr_line' id='line_1_27' title="bbox 240 2018 1444 2070; baseline -0.002 -13"><span class='ocrx_word' id='word_1_185' title='bbox 240 2022 415 2070; x_wconf 85' lang='lat' dir='ltr'>pecuniae</span> <span class='ocrx_word' id='word_1_186' title='bbox 435 2021 666 2070; x_wconf 83' lang='lat' dir='ltr'>repudiaret,</span> <span class='ocrx_word' id='word_1_187' title='bbox 688 2020 882 2069; x_wconf 85' lang='lat' dir='ltr'>legatique</span> <span class='ocrx_word' id='word_1_188' title='bbox 911 2019 1152 2055; x_wconf 82' lang='lat' dir='ltr'>hortarentur</span> <span class='ocrx_word' id='word_1_189' title='bbox 1179 2018 1366 2066; x_wconf 85' lang='lat' dir='ltr'>accipere,</span> <span class='ocrx_word' id='word_1_190' title='bbox 1397 2018 1444 2054; x_wconf 87' lang='lat' dir='ltr'>si-</span> 
     </span>
     <span class='ocr_line' id='line_1_28' title="bbox 241 2070 1446 2133; baseline -0.002 -24"><span class='ocrx_word' id='word_1_191' title='bbox 241 2073 397 2123; x_wconf 90' lang='lat' dir='ltr'>mulque</span> <span class='ocrx_word' id='word_1_192' title='bbox 432 2074 688 2133; x_wconf 78' lang='lat' dir='ltr'>admonerent,</span> <span class='ocrx_word' id='word_1_193' title='bbox 711 2074 742 2109; x_wconf 89' lang='lat' dir='ltr'>si</span> <span class='ocrx_word' id='word_1_194' title='bbox 773 2073 852 2121; x_wconf 90' lang='lat' dir='ltr'>ipse</span> <span class='ocrx_word' id='word_1_195' title='bbox 886 2072 942 2107; x_wconf 84' lang='lat' dir='ltr'>his</span> <span class='ocrx_word' id='word_1_196' title='bbox 978 2070 1091 2107; x_wconf 84' lang='lat' dir='ltr'>facile</span> <span class='ocrx_word' id='word_1_197' title='bbox 1123 2077 1284 2129; x_wconf 81' lang='lat' dir='ltr'>careret,</span> <span class='ocrx_word' id='word_1_198' title='bbox 1316 2070 1446 2106; x_wconf 86' lang='lat' dir='ltr'>liberis</span> 
     </span>
     <span class='ocr_line' id='line_1_29' title="bbox 240 2123 1446 2174; baseline -0.004 -12"><span class='ocrx_word' id='word_1_199' title='bbox 240 2133 367 2162; x_wconf 85' lang='lat' dir='ltr'>tamen</span> <span class='ocrx_word' id='word_1_200' title='bbox 387 2126 466 2162; x_wconf 87' lang='lat' dir='ltr'>suis</span> <span class='ocrx_word' id='word_1_201' title='bbox 498 2126 740 2174; x_wconf 86' lang='lat' dir='ltr'>prospicer,et</span> <span class='ocrx_word' id='word_1_202' title='bbox 762 2125 900 2173; x_wconf 89' lang='lat' dir='ltr'>quibus</span> <span class='ocrx_word' id='word_1_203' title='bbox 931 2123 1084 2159; x_wconf 90' lang='lat' dir='ltr'>difficile</span> <span class='ocrx_word' id='word_1_204' title='bbox 1108 2130 1206 2159; x_wconf 81' lang='lat' dir='ltr'>esset</span> <span class='ocrx_word' id='word_1_205' title='bbox 1237 2123 1274 2158; x_wconf 88' lang='lat' dir='ltr'>in</span> <span class='ocrx_word' id='word_1_206' title='bbox 1296 2135 1446 2158; x_wconf 88' lang='lat' dir='ltr'>summa</span> 
     </span>
    </p>

    <p class='ocr_par' dir='ltr' id='par_1_10' title="bbox 188 2175 1445 2384">
     <span class='ocr_line' id='line_1_30' title="bbox 188 2175 1444 2227; baseline -0.004 -12"><span class='ocrx_word' id='word_1_207' title='bbox 188 2184 211 2216; x_wconf 84' lang='lat'>4</span> <span class='ocrx_word' id='word_1_208' title='bbox 241 2185 463 2227; x_wconf 87' lang='lat' dir='ltr'>paupertate</span> <span class='ocrx_word' id='word_1_209' title='bbox 498 2185 642 2214; x_wconf 73' lang='lat' dir='ltr'>tantam</span> <span class='ocrx_word' id='word_1_210' title='bbox 675 2184 874 2226; x_wconf 81' lang='lat' dir='ltr'>paternam</span> <span class='ocrx_word' id='word_1_211' title='bbox 908 2176 1008 2212; x_wconf 88' lang='grc'><strong>111611</strong></span> <span class='ocrx_word' id='word_1_212' title='bbox 1041 2175 1228 2224; x_wconf 83' lang='lat' dir='ltr'>gloriam.</span> <span class='ocrx_word' id='word_1_213' title='bbox 1273 2175 1331 2210; x_wconf 88' lang='lat' dir='ltr'>his</span> <span class='ocrx_word' id='word_1_214' title='bbox 1365 2175 1444 2219; x_wconf 91' lang='lat' dir='ltr'>ille,</span> 
     </span>
     <span class='ocr_line' id='line_1_31' title="bbox 239 2206 1444 2276; baseline -0.003 -10"><span class='ocrx_word' id='word_1_215' title='bbox 239 2232 274 2266; x_wconf 72' lang='lat' dir='ltr'>si</span> <span class='ocrx_word' id='word_1_216' title='bbox 305 2232 375 2268; x_wconf 75' lang='lat' dir='ltr'>mei</span> <span class='ocrx_word' id='word_1_217' title='bbox 402 2231 541 2266; x_wconf 73' lang='lat' dir='ltr'>similes</span> <span class='ocrx_word' id='word_1_218' title='bbox 569 2237 685 2274; x_wconf 74' lang='lat' dir='ltr'>erunt,</span> <span class='ocrx_word' id='word_1_219' title='bbox 707 2231 802 2266; x_wconf 77' lang='lat' dir='ltr'>idem</span> <span class='ocrx_word' id='word_1_220' title='bbox 822 2229 892 2273; x_wconf 78' lang='lat' dir='ltr'>hic,</span> <span class='ocrx_word' id='word_1_221' title='bbox 914 2227 1047 2276; x_wconf 83' lang='lat' dir='ltr'>inquit,</span> <span class='ocrx_word' id='word_1_222' title='bbox 1041 2206 1212 2276; x_wconf 68' lang='lat' dir='ltr'>0agellus</span> <span class='ocrx_word' id='word_1_223' title='bbox 1245 2228 1329 2263; x_wconf 74' lang='lat' dir='ltr'>illos</span> <span class='ocrx_word' id='word_1_224' title='bbox 1361 2227 1444 2270; x_wconf 74' lang='lat' dir='ltr'>(del,</span> 
     </span>
     <span class='ocr_line' id='line_1_32' title="bbox 240 2280 1445 2331; baseline -0.002 -14"><span class='ocrx_word' id='word_1_225' title='bbox 240 2285 302 2331; x_wconf 73' lang='lat' dir='ltr'>qni</span> <span class='ocrx_word' id='word_1_226' title='bbox 321 2296 374 2320; x_wconf 80' lang='lat' dir='ltr'>me</span> <span class='ocrx_word' id='word_1_227' title='bbox 395 2284 444 2318; x_wconf 72' lang='lat' dir='ltr'>acl</span> <span class='ocrx_word' id='word_1_228' title='bbox 464 2283 557 2319; x_wconf 77' lang='lat' dir='ltr'>hanc</span> <span class='ocrx_word' id='word_1_229' title='bbox 587 2284 798 2331; x_wconf 77' lang='lat' dir='ltr'>dignitatem</span> <span class='ocrx_word' id='word_1_230' title='bbox 824 2282 1027 2328; x_wconf 56' lang='lat' dir='ltr'>perducat·</span> <span class='ocrx_word' id='word_1_231' title='bbox 1010 2308 1023 2324; x_wconf 86' lang='grc'><strong>,</strong></span> <span class='ocrx_word' id='word_1_232' title='bbox 1057 2282 1115 2316; x_wconf 74' lang='lat' dir='ltr'>sin</span> <span class='ocrx_word' id='word_1_233' title='bbox 1144 2280 1342 2316; x_wconf 68' lang='lat' dir='ltr'>dissimiles</span> <span class='ocrx_word' id='word_1_234' title='bbox 1361 2284 1445 2315; x_wconf 67' lang='lat' dir='ltr'>sunt</span> 
     </span>
     <span class='ocr_line' id='line_1_33' title="bbox 241 2333 1438 2384; baseline -0.003 -14"><span class='ocrx_word' id='word_1_235' title='bbox 241 2334 381 2384; x_wconf 64' lang='lat' dir='ltr'>flaturi,</span> <span class='ocrx_word' id='word_1_236' title='bbox 399 2336 481 2371; x_wconf 75' lang='lat' dir='ltr'>nolo</span> <span class='ocrx_word' id='word_1_237' title='bbox 501 2337 590 2372; x_wconf 72' lang='lat' dir='ltr'>meis</span> <span class='ocrx_word' id='word_1_238' title='bbox 604 2336 778 2382; x_wconf 72' lang='lat' dir='ltr'>impensis</span> <span class='ocrx_word' id='word_1_239' title='bbox 798 2335 943 2370; x_wconf 72' lang='lat' dir='ltr'>illorum</span> <span class='ocrx_word' id='word_1_240' title='bbox 963 2334 1015 2369; x_wconf 77' lang='lat' dir='ltr'>ali</span> <span class='ocrx_word' id='word_1_241' title='bbox 1034 2334 1231 2381; x_wconf 74' lang='lat' dir='ltr'>augerique</span> <span class='ocrx_word' id='word_1_242' title='bbox 1248 2333 1438 2368; x_wconf 68' lang='lat' dir='ltr'>luxuriam.</span> 
     </span>
    </p>

    <p class='ocr_par' dir='ltr' id='par_1_11' title="bbox 191 2385 1442 2487">
     <span class='ocr_line' id='line_1_34' title="bbox 191 2385 1442 2436; baseline -0.005 -13"><span class='ocrx_word' id='word_1_243' title='bbox 191 2391 209 2423; x_wconf 91' lang='lat'>1</span> <span class='ocrx_word' id='word_1_244' title='bbox 294 2387 343 2423; x_wconf 93' lang='grc' dir='ltr'>ΙΙ.</span> <span class='ocrx_word' id='word_1_245' title='bbox 375 2387 450 2423; x_wconf 82' lang='grc'><strong>1116</strong></span> <span class='ocrx_word' id='word_1_246' title='bbox 444 2400 480 2423; x_wconf 87' lang='grc'>111</span> <span class='ocrx_word' id='word_1_247' title='bbox 508 2400 628 2435; x_wconf 88' lang='lat' dir='ltr'>quum</span> <span class='ocrx_word' id='word_1_248' title='bbox 662 2399 775 2436; x_wconf 89' lang='lat' dir='ltr'>prope</span> <span class='ocrx_word' id='word_1_249' title='bbox 797 2386 842 2422; x_wconf 85' lang='lat' dir='ltr'>ad</span> <span class='ocrx_word' id='word_1_250' title='bbox 877 2397 1019 2422; x_wconf 84' lang='lat' dir='ltr'>annum</span> <span class='ocrx_word' id='word_1_251' title='bbox 1040 2385 1313 2434; x_wconf 87' lang='lat' dir='ltr'>octogesimum</span> <span class='ocrx_word' id='word_1_252' title='bbox 1343 2395 1442 2431; x_wconf 83' lang='lat' dir='ltr'>pros-</span> 
     </span>
     <span class='ocr_line' id='line_1_35' title="bbox 242 2437 1442 2498; baseline -0.004 -24"><span class='ocrx_word' id='word_1_253' title='bbox 242 2450 333 2498; x_wconf 86' lang='lat' dir='ltr'>pera</span> <span class='ocrx_word' id='word_1_254' title='bbox 354 2440 588 2487; x_wconf 89' lang='lat' dir='ltr'>pervenisset</span> <span class='ocrx_word' id='word_1_255' title='bbox 616 2439 779 2483; x_wconf 82' lang='lat' dir='ltr'>fortuna,</span> <span class='ocrx_word' id='word_1_256' title='bbox 802 2438 982 2475; x_wconf 78' lang='lat' dir='ltr'>extremis</span> <span class='ocrx_word' id='word_1_257' title='bbox 1010 2437 1242 2485; x_wconf 74' lang='lat' dir='ltr'>temporibus</span> <span class='ocrx_word' id='word_1_258' title='bbox 1261 2447 1442 2484; x_wconf 82' lang='lat' dir='ltr'>magnum</span> 
     </span>
    </p>

    <p class='ocr_par' dir='ltr' id='par_1_12' title="bbox 191 2465 1442 2540">
     <span class='ocr_line' id='line_1_36' title="bbox 191 2465 1442 2540; baseline -0.005 -11"><span class='ocrx_word' id='word_1_259' title='bbox 191 2493 214 2529; x_wconf 76' lang='lat'><strong>2</strong></span> <span class='ocrx_word' id='word_1_260' title='bbox 242 2491 281 2528; x_wconf 89' lang='lat' dir='ltr'>in</span> <span class='ocrx_word' id='word_1_261' title='bbox 309 2490 437 2527; x_wconf 89' lang='lat' dir='ltr'>odium</span> <span class='ocrx_word' id='word_1_262' title='bbox 469 2492 642 2540; x_wconf 83' lang='lat' dir='ltr'>pervenit</span> <span class='ocrx_word' id='word_1_263' title='bbox 670 2503 826 2528; x_wconf 85' lang='lat' dir='ltr'>suorum</span> <span class='ocrx_word' id='word_1_264' title='bbox 846 2491 1005 2527; x_wconf 88' lang='lat' dir='ltr'>civium.</span> <span class='ocrx_word' id='word_1_265' title='bbox 1063 2488 1201 2532; x_wconf 78' lang='lat' dir='ltr'>Primo,</span> <span class='ocrx_word' id='word_1_266' title='bbox 1223 2465 1347 2536; x_wconf 65' lang='lat' dir='ltr'>quode&gt;</span> <span class='ocrx_word' id='word_1_267' title='bbox 1353 2499 1442 2524; x_wconf 78' lang='lat' dir='ltr'>curn</span> 
     </span>
    </p>
   </div>
  </div>
 </body>
</html>
