1651 2790
272 224 325 261 26
610 218 659 259 V.
711 224 748 268 2,
772 224 810 268 3,
833 223 871 260 4.
937 219 1140 271 (Cimon.)

229 320 245 354 1
331 317 385 354 II.
425 317 514 354 Tah
532 317 644 353 modo
668 317 841 353 custodia
862 316 1043 353 liberatus
1066 316 1203 353 Cimon
1226 315 1405 352 celeriter
1430 319 1475 353 ad

278 369 530 419 principatum
554 369 740 418 pervenit.
797 369 974 406 Habebat
1000 368 1102 405 enim
1125 368 1217 404 satis
1238 368 1476 416 eloquentiae,
1509 408 1512 411 ,

279 434 463 458 summam
494 421 772 466 liberalitatem,
802 433 978 470 magnam
1006 421 1244 470 prudentiam
1273 427 1352 456 tum
1379 420 1476 470 juris

279 473 417 518 civilis,
445 481 524 509 tum
555 474 612 509 rei
644 473 830 518 militaris,
864 473 963 521 quod
993 486 1078 509 eum
1106 480 1212 521 patre
1239 485 1260 508 a
1290 485 1407 521 puero
1438 472 1477 508 in

280 525 511 562 exercitibus
546 525 669 561 fuerat
698 533 883 562 versatus.
957 526 1088 573 Itaque
1123 525 1187 561 hic
1223 533 1259 560 et
1296 525 1476 573 populum

277 578 460 614 urbanum
495 578 535 614 in
568 590 636 613 sua
667 578 788 614 tenuit
819 584 1019 626 potestate,
1060 585 1097 613 et
1131 577 1229 625 apud
1268 577 1476 613 exercitum

226 633 249 666 2
278 629 480 678 plurimum
506 630 623 666 valuit
651 630 885 666 auctoritate.
953 630 1120 666 Primum
1148 630 1351 677 imperator
1379 629 1477 677 apud

279 682 420 718 fiumen
467 682 669 730 Strymona
713 694 871 731 magnas
919 681 1050 730 copias
1090 681 1284 717 Thracum
1321 680 1476 729 fugavit,

279 735 459 783 oppidum
491 733 751 782 Amphipolim
795 734 1001 779 constituit,
1037 746 1157 781 eoque
1196 733 1333 769 decem
1370 733 1477 769 milia

279 786 573 822 Atheniensium
597 786 638 822 in
669 787 858 822 coloniam
876 786 991 822 misit.
1024 806 1028 810 -
1061 786 1170 822 Idem
1207 786 1344 821 iterum
1378 785 1477 833 apud

280 839 464 888 Mycalen
493 838 719 886 Cypriorum
739 845 776 874 et
805 839 1030 875 PhoenIcum
1058 838 1302 874 ducentarum
1324 838 1475 873 navium

228 893 249 926 3
281 891 448 926 classem
475 890 666 926 devictam
693 891 818 939 cepit;
848 890 1057 938 eodemque
1078 890 1140 926 die
1168 890 1251 938 pari
1271 889 1418 925 fortuna
1437 889 1476 925 in

308 959 356 984 469
435 953 536 978 terra
550 955 641 979 usus
664 950 734 979 est.
782 943 956 990 Namque
976 942 1143 978 hostium
1160 942 1319 978 navibus
1341 941 1475 990 captis,

277 999 302 1016 θ·
316 992 386 1016 0¹¹·
438 994 564 1030 statim
583 1007 633 1031 ex
653 995 779 1031 classe
801 995 932 1043 copias
962 1007 1051 1031 suas
1073 994 1214 1038 eduxit,
1235 995 1476 1030 barbarorum

227 1049 250 1082 4
282 1045 389 1095 [que]
428 1059 502 1082 uno
530 1059 719 1083 concursu
754 1047 956 1083 maximam
992 1047 1070 1082 vim
1100 1047 1312 1095 prostravit.
1390 1046 1475 1088 Qua

279 1098 438 1134 victoria
472 1111 610 1147 magna
639 1099 767 1148 praeda
801 1100 942 1148 potitus
976 1111 1090 1146 quum
1127 1098 1278 1135 domum
1309 1105 1475 1134 reverte-

279 1158 392 1195 retur,
425 1151 523 1198 quod
555 1151 634 1200 jam
664 1152 856 1188 nonnullae
884 1151 1019 1188 insulae
1051 1149 1476 1200 propter'acerbitatem

280 1202 431 1251 imperii
451 1203 682 1248 defecerant,
701 1205 800 1240 bene
821 1203 1005 1240 animatas
1027 1202 1272 1247 confirmavit,
1289 1202 1474 1239 alienatas

227 1258 251 1290 5
281 1255 329 1290 ad
348 1254 515 1291 officium
544 1255 668 1292 redire
699 1256 834 1304 coegit.
893 1256 1068 1304 Scyrum,
1096 1268 1207 1303 quam
1234 1267 1279 1291 eo
1305 1262 1474 1303 tempore

271 1306 452 1355 ‚Dolopes
485 1307 715 1353 incolebant,
748 1308 847 1356 quod
880 1307 1140 1344 contumacius
1179 1320 1222 1343 se
1253 1314 1473 1355 gesserant,

280 1358 506 1403 vacuefecit,
526 1371 702 1396 sessores
722 1368 872 1396 veteres
891 1361 984 1396 urbe
1000 1360 1198 1407 insulaque
1220 1359 1347 1408 ejecit,
1364 1371 1474 1408 agros

281 1411 427 1447 civibus
457 1411 597 1448 divisit
653 1412 821 1448 Thasios
850 1412 1044 1460 opulentia
1069 1411 1186 1448 fretos
1216 1423 1285 1448 suo
1314 1411 1477 1448 adventu

315 1480 364 1504 457
438 1463 564 1512 fregit.
612 1464 687 1501 His
709 1477 758 1500 ex
775 1464 962 1500 manubiis
984 1464 1218 1500 Athenarum
1237 1476 1316 1508 arx,
1336 1476 1410 1511 qua
1429 1464 1477 1500 ad

282 1520 308 1537 ‘³-
326 1510 356 1537 θ’·
374 1520 401 1537 ¹¹
438 1516 638 1552 meridiem
652 1517 785 1565 vergit,
807 1524 865 1552 est
886 1523 1028 1552 ornata

232 1571 247 1604 l
332 1567 406 1605 III.
449 1567 596 1610 Quibus
633 1569 746 1605 rebus
775 1581 888 1616 quum
918 1581 1013 1605 1111113
1047 1568 1087 1604 111
1119 1568 1271 1604 civitate
1310 1568 1475 1604 maxime

307 1636 353 1660 461
438 1619 601 1665 floreret,
621 1621 757 1657 incidit
774 1621 814 1657 in
835 1621 1008 1657 eamdem
1026 1620 1220 1664 invidiam,
1242 1632 1353 1667 quam
1368 1627 1477 1668 pater

276 1675 302 1692 a.
315 1669 346 1693 C·
359 1676 386 1692 ¹¹·
438 1684 529 1707 suus
543 1673 735 1719 ceterique
750 1673 1044 1708 Atheniensium
1058 1672 1266 1720 principes.
1287 1671 1388 1707 Nam
1399 1679 1475 1708 tes-

279 1729 400 1758 tarum
428 1723 633 1771 suffragiis,
667 1725 765 1771 quod
797 1725 855 1760 1111
883 1724 1114 1774 ὀστξακισμὸν
1151 1731 1301 1768 vocant,
1339 1723 1476 1760 decem

228 1777 252 1810 2
282 1785 464 1809 annorum
497 1775 633 1810 exsilio
670 1777 846 1812 multatus
886 1782 956 1812 est.
1032 1776 1151 1824 Cujus
1185 1775 1276 1811 facti
1309 1776 1475 1812 celerius

282 1824 555 1871 Athenienses,
588 1839 698 1874 quam
730 1828 866 1876 ipsum,
898 1827 1082 1876 poenituit.
1138 1827 1241 1864 Nam
1267 1840 1380 1875 quum
1407 1828 1474 1864 ille

282 1877 406 1913 animo
425 1877 511 1913 forti
531 1878 684 1915 invidiae
703 1879 932 1928 ingratorum
952 1879 1092 1915 civium
1104 1878 1302 1924 cessisset,
1317 1880 1475 1916 bellum-

281 1942 353 1977 que
374 1929 658 1966 Lacedaemonii
677 1931 977 1967 Atheniensibus
993 1931 1243 1967 indixissent:
1274 1931 1476 1969 confestim

230 1985 252 2019 3
280 1988 379 2018 notae
400 1982 481 2030 ejus
500 1982 647 2019 virtutis
677 1983 910 2020 desiderium
937 1990 1185 2019 consecutum
1211 1991 1282 2020 est.
1343 1985 1474 2032 Itaque

281 2039 368 2082 post
400 2046 538 2070 annum
565 2035 744 2082 quintum,
774 2047 886 2082 quam
915 2036 1096 2083 expulsus
1131 2043 1221 2081 erat,
1250 2036 1290 2072 111
1317 2037 1477 2084 patriam

282 2093 482 2122 revocatus
514 2094 584 2123 est.
650 2087 735 2131 Ille,
769 2087 868 2135 quod
899 2087 1064 2136 hospitio
1099 2087 1476 2125 Lacedaemoniorum

282 2138 465 2182 utebatur,
486 2139 604 2175 satius
634 2139 870 2184 existimans,
895 2140 1125 2176 contendere
1148 2139 1475 2186 Lacedaemonem,

282 2201 352 2225 sua
371 2197 504 2238 sponte
526 2199 584 2227 est
598 2191 803 2239 profectus,
816 2204 1025 2240 pacemque
1038 2192 1136 2227 inter
1151 2191 1243 2228 duas
1257 2193 1475 2241 potentissi-

232 2248 254 2280 4
314 2258 363 2283 450
440 2254 520 2279 mas
542 2243 714 2279 civitates
736 2243 966 2279 conciliavit.
1014 2244 1119 2288 Post,
1135 2256 1258 2292 neque
1278 2245 1331 2281 ita
1345 2246 1473 2290 multo,

282 2297 308 2315 ὃ·
327 2292 358 2315 ⁰·
377 2298 403 2315 n.
442 2294 612 2342 Cyprum
629 2307 714 2331 cum
728 2295 902 2332 ducentis
919 2295 1076 2331 navibus
1096 2296 1299 2344 imperator
1317 2297 1473 2342 missus,

311 2364 359 2389 449
440 2358 553 2394 quum
573 2348 654 2396 ejus
674 2348 855 2396 majorem
875 2355 1020 2396 partem
1039 2348 1174 2385 insulae
1196 2349 1417 2393 devicisset,
1436 2349 1474 2386 in

279 2403 305 2422 ⁸·
324 2397 355 2421 C·
374 2403 401 2421 ¹¹·
441 2400 612 2435 morbum
626 2399 846 2447 implicitus,
859 2400 898 2436 111
914 2400 1051 2449 oppido
1069 2400 1171 2436 Citio
1191 2408 1251 2437 est
1268 2406 1448 2436 mortuus.

235 2452 251 2497 ἒ
335 2450 406 2488 lv,
436 2450 550 2487 Hunc
582 2450 841 2488 Athenienses
871 2464 947 2488 non
973 2453 1096 2489 solum
1128 2453 1168 2488 in
1196 2452 1312 2496 bello,
1339 2451 1409 2488 sed
1437 2452 1472 2490 in
