1651 2790
411 839 443 889 I.
513 839 1110 889 MILTIADES.

549 1131 964 1168 ARGUMENTUM.

131 1236 257 1275 CAP.
278 1236 299 1274 I
305 1266 312 1274 .
342 1236 432 1273 Dux
451 1236 655 1273 colonorum
674 1237 713 1272 in
733 1236 1000 1273 Chersonesum
1018 1233 1188 1271 mittitur.
1237 1233 1332 1272 Irri-

179 1290 283 1327 detur
297 1305 320 1327 a
335 1289 512 1327 Lemniis.
543 1288 600 1325 II.
623 1289 848 1326 Chersoneso
858 1290 1012 1338 potitur.
1042 1287 1220 1324 Lemnum
1235 1294 1332 1337 capit

179 1349 213 1378 et
233 1342 425 1392 Cyclades.
479 1342 561 1379 III.
589 1343 729 1380 Pontis
743 1345 782 1380 in
802 1343 932 1381 Histro
948 1347 1072 1379 custos
1086 1353 1108 1379 α
1123 1339 1254 1385 Dario,
1270 1340 1332 1390 qui

183 1394 344 1443 Scythas
359 1395 448 1431 bello
462 1396 619 1444 petebat,
633 1398 881 1433 constituitur.
925 1395 1004 1432 Dat
1020 1395 1210 1431 consilium
1227 1395 1330 1430 liber-

181 1447 271 1482 tatis
285 1447 548 1495 recuperandae.
579 1448 638 1483 Ab
654 1448 813 1486 Histiaeo
829 1448 1034 1497 impeditur.
1075 1447 1149 1484 IV.
1170 1447 1262 1483 Suis
1276 1453 1331 1482 est

181 1505 317 1542 auctor,
336 1505 377 1533 ut
397 1499 607 1547 ingentibus
626 1501 750 1548 copiis,
767 1513 789 1535 a
804 1500 922 1536 Dario
938 1500 987 1536 ad
998 1499 1205 1548 puniendos
1217 1499 1330 1534 Athe-

180 1551 324 1586 nienses
342 1551 480 1594 missis,
501 1550 641 1586 obviam
661 1559 756 1587 eant.
810 1551 855 1587 V.
885 1553 984 1587 Ante
1003 1552 1179 1587 sociorum
1199 1551 1330 1586 adven-

181 1609 256 1638 tum
284 1603 397 1638 vincit
430 1601 601 1638 Darium.
670 1602 737 1639 VI.
768 1602 969 1639 Praemium
1001 1604 1172 1639 vietoriae.
1235 1601 1327 1639 VII.

184 1654 330 1690 Omittit
349 1656 651 1704 oppugnationem
670 1654 780 1691 Pari.
834 1655 1045 1691 Damnatur
1063 1662 1097 1691 et
1116 1656 1154 1691 in
1173 1654 1331 1691 vinculis

179 1708 343 1743 moritur.
406 1706 522 1743 VIII.
558 1706 654 1742 Vera
674 1708 752 1755 ejus
772 1708 1019 1744 damnationis
1039 1720 1165 1743 causa.

179 1811 211 1848 I.
268 1811 479 1855 Min-ades,
511 1811 683 1848 Cimonis
715 1812 828 1857 filius,
861 1812 1124 1856 Atheniensis,
1148 1823 1262 1859 quum
1292 1819 1330 1848 et
1361 1814 1376 1848 1

127 1863 347 1912 antiquitate
375 1864 542 1912 generis,
564 1871 601 1900 et
629 1864 749 1912 gloria
773 1865 968 1913 majorum,
990 1871 1027 1901 et
1047 1877 1116 1900 sua
1140 1863 1330 1900 modestia

126 1927 223 1952 unus
240 1916 407 1953 omn‘um
425 1916 590 1953 maxime
610 1916 773 1961 floreret,
791 1929 910 1964 eaque
929 1923 1034 1953 esset
1050 1923 1170 1960 aetate,
1186 1922 1226 1951 ut
1249 1916 1329 1964 jam

125 1980 202 2004 non
234 1968 358 2004 solum
390 1968 437 2004 de
472 1980 519 2004 eo
551 1969 650 2005 bene
685 1981 853 2017 sperare,
882 1969 953 2005 sed
986 1969 1100 2005 etiarn
1134 1968 1326 2005 confidere

129 2020 234 2056 cives
259 2027 420 2068 possent
439 2021 510 2065 sui,
530 2021 647 2056 talem
671 2020 846 2066 futurum,
866 2021 1017 2069 qualem
1038 2021 1168 2070 cogni·
1251 2044 1299 2068 515

126 2078 205 2108 tum
228 2072 467 2121 judicarunt:
500 2072 652 2118 accidit,
668 2080 708 2109 ut
723 2072 984 2109 Athenienses
1003 2072 1170 2110 Cherso-
1219 2083 1245 2100 a.
1259 2076 1290 2101 C·
1303 2084 1330 2101 1¹·

127 2137 265 2160 nesum
297 2125 454 2161 colonos
484 2125 628 2161 vellent
658 2126 821 2162 mittere.
879 2125 999 2174 Cujus
1032 2127 1186 2174 generis
1213 2140 1327 2174 quum
1354 2131 1377 2163 2

128 2188 289 2224 magnus
325 2189 505 2213 numerus
544 2184 661 2222 esset,
701 2185 738 2214 et
772 2178 880 2214 multi
918 2178 1000 2226 ejus
1039 2178 1326 2227 demigrationis

128 2234 303 2276 peterent
317 2228 559 2266 societatem:
589 2241 638 2265 ex
652 2229 713 2266 his
730 2229 871 2266 delecti
888 2229 1061 2278 Delphos
1079 2230 1328 2266 deliberatum

128 2279 239 2316 missi
265 2286 363 2323 sunt,
383 2280 446 2327 qui
473 2281 717 2317 consulerent
735 2282 966 2330 Apollinem,
990 2294 1062 2329 quo
1088 2282 1329 2330 potissimum

130 2331 228 2368 duce
248 2339 453 2367 uterentur.
509 2332 720 2382 Nam[que]
751 2342 830 2369 tum
858 2333 1032 2369 Thraces
1061 2346 1126 2369 eas
1146 2334 1325 2382 regiones

130 2384 321 2428 tenebant,
339 2395 423 2419 cum
443 2382 578 2430 quibus
601 2385 713 2420 armis
735 2392 815 2420 erat
834 2384 1101 2420 dimicandum.
1146 2386 1220 2422 His
1238 2399 1327 2423 con·
1356 2390 1377 2423 3

132 2436 342 2472 sulentibus
358 2435 579 2471 nominatim
599 2435 738 2483 Pythia
757 2437 949 2484 praecepit,
965 2444 1004 2472 ut
1024 2437 1238 2474 Miltiadem
1254 2439 1327 2475 sibl

133 2487 397 2536 imperatorem
412 2494 626 2523 sumerent:
658 2487 695 2523 id
712 2487 745 2523 si
762 2488 959 2532 fecissent,
974 2488 1128 2536 incepta
1146 2502 1329 2539 prospera
