1651 2790
261 238 315 274 52
595 230 715 270 XIII.
775 234 814 269 4.
885 229 1172 281 (Timotheus.)

261 331 416 367 Samum
434 328 596 377 profecti
616 335 759 371 essent,
781 335 818 363 et
839 327 975 363 eodem
995 327 1155 371 Chares,
1170 326 1332 362 adventu
1354 325 1452 376 [illm

259 382 356 431 rum]
388 380 552 429 cognito,
582 393 668 416 cum
695 380 775 415 suis
806 379 926 427 copiis
956 380 1275 427 proficisceretur,
1293 391 1342 415 ne
1366 377 1453 425 quid

261 435 417 471 absente
439 446 481 469 se
503 439 653 481 gestum
671 431 883 468 videretur:
917 431 1067 475 accidit,
1087 443 1199 478 quum
1225 431 1272 467 ad
1291 431 1454 468 insulam

261 485 614 535 appropinquarent,
643 491 684 520 ut
712 496 850 532 magna
882 491 1089 531 tempestas
1120 483 1302 527 oriretur3
1344 495 1454 530 quam

262 539 402 574 evitare
420 537 492 572 duo
511 543 661 572 veteres
682 536 928 583 imperatores
944 536 1036 571 utile
1057 535 1221 571 arbitrati
1238 548 1345 571 suam
1358 535 1455 571 clas-

227 594 230 598 '
262 602 344 626 sem
363 595 668 637 suppresserunt.
715 592 765 624 At
783 588 862 632 ille,
878 587 1078 623 temeraria
1096 600 1188 623 usus
1207 587 1365 631 ratione,
1380 599 1456 623 non

263 641 382 678 cessit
395 641 578 690 majorum
591 647 679 676 natu
700 639 921 684 auctoritati,
936 646 984 684 et,
996 647 1037 675 ut
1056 639 1089 675 si
1108 639 1148 675 in
1163 651 1233 675 sua
1246 639 1336 675 navi
1352 645 1457 675 esset

262 701 419 737 tortuna,
439 704 511 740 quo
541 692 798 736 contenderat,
818 691 1005 739 pervenit,
1028 691 1236 738 eodemque
1261 698 1302 726 ut
1321 703 1457 738 seque-

262 753 400 790 rentur,
439 745 486 781 ad
520 744 764 780 Timotheum
802 751 839 779 et
871 743 1103 801 Iphicratem
1132 743 1305 779 nuntium
1340 743 1456 779 misit.

264 797 381 842 Hine,
389 797 488 833 male
503 809 544 832 re
559 804 678 844 gesta,
693 796 947 853 compluribus
961 795 1113 832 amissis
1125 795 1298 840 navibus,
1309 794 1457 840 eodem,

266 850 362 886 unde
383 856 462 885 erat
480 848 686 897 profectus,
707 861 750 884 se
770 848 929 896 recepit,
941 848 1160 895 litterasque
1179 847 1350 884 Athenas
1361 847 1458 905 pub-

264 902 340 940 lice
359 901 474 945 misit,
504 900 577 936 sibi
606 900 776 948 proclive
810 899 944 944 fuisse,
978 900 1133 936 Samum
1153 912 1305 948 capere,
1330 899 1408 935 nisi
1437 912 1459 936 a

275 953 469 990 Pimotheo
491 959 527 989 et
547 952 738 1000 Iphicrate
756 952 929 988 desertus
951 958 1067 988 esset.
1126 952 1202 1001 [Ob
1223 964 1307 988 eam
1325 964 1406 988 rem
1418 951 1458 988 in

264 1005 409 1043 crimen
427 1004 685 1052 vocabantur]
744 1005 912 1052 Populus
942 1016 1044 1048 acer,
1073 1015 1266 1052 suspicaX,
1293 1004 1458 1048 mobilis,

265 1056 516 1101 adversarius,
550 1056 700 1092 invidus
736 1057 849 1092 etiam
880 1056 1069 1104 potentiae,
1103 1056 1253 1092 domum
1282 1063 1457 1100 revocat;

265 1116 492 1146 accusantur
500 1108 736 1157 proditionis.
767 1108 854 1144 Hoc
863 1108 1008 1157 judicio
1017 1108 1212 1144 damnatur
1220 1108 1458 1153 Timotheus,

264 1162 386 1209 lisque
409 1161 490 1210 ejus
512 1160 714 1196 aestimatur
734 1167 885 1196 centum
904 1161 1071 1196 talentis.
1128 1160 1212 1204 Ille,
1229 1160 1316 1196 odio
1335 1161 1459 1209 ingra-

266 1221 312 1250 tae
334 1213 497 1249 civitatis
519 1219 686 1257 coactus,
709 1212 934 1248 Chalcidem
953 1224 996 1248 se
1018 1212 1185 1248 contulit.

319 1265 388 1302 IV.
420 1265 544 1313 Hujus
578 1271 665 1312 post
693 1272 851 1300 mortem
881 1277 993 1311 quum
1024 1265 1204 1313 populum
1229 1264 1365 1313 judicii
1400 1264 1460 1301 sui

265 1316 613 1366 poeniteret,1nultae
628 1328 764 1352 novem
783 1323 909 1364 partes
924 1316 1095 1360 detraxit,
1113 1323 1150 1352 et
1165 1316 1302 1352 decem
1316 1317 1460 1353 talenta

268 1370 476 1413 Cononem,
496 1368 614 1404 filium
631 1368 725 1416 ejus,
740 1369 787 1404 ad
801 1368 897 1404 muri
912 1368 1110 1415 quamdam
1124 1376 1270 1416 partem
1284 1368 1459 1405 reficien-

267 1421 353 1457 dam
367 1421 480 1469 jussit
508 1420 610 1456 dare.
667 1420 712 1456 In
739 1432 811 1468 quo
831 1420 986 1456 fortunae
1013 1419 1177 1456 varietas
1207 1427 1274 1457 est.
1293 1420 1460 1456 animad-

266 1474 389 1509 versa.
437 1473 538 1508 Nam
553 1484 645 1519 quos
667 1485 759 1508 avus
782 1472 915 1508 Conon
934 1484 1060 1508 muros
1083 1484 1130 1508 ex
1149 1472 1316 1508 hostium
1334 1472 1460 1521 praeda

266 1525 394 1573 patriae
414 1525 640 1568 restituerat,
662 1524 818 1560 eosdem
836 1536 970 1572 nepos,
988 1536 1074 1560 cum
1093 1537 1238 1560 summa
1252 1524 1460 1573 ignominia

268 1577 430 1621 samiliae,
448 1589 496 1612 ex
516 1589 585 1612 sua
602 1588 643 1612 re
659 1575 834 1612 familiari
855 1577 1014 1612 reficere
1036 1584 1189 1612 coactus
1211 1583 1281 1612 est.
1330 1577 1364 1613 T
1368 1577 1460 1613 imo-

268 1628 345 1664 thei
367 1636 492 1664 autem
518 1627 719 1664 moderata}
750 1628 1009 1676 sapientisque
1028 1628 1113 1663 vitae
1139 1641 1252 1675 quum
1278 1629 1459 1676 pleraque

266 1681 456 1728 possimus
476 1679 643 1728 proferre
664 1681 892 1724 testimonia,
913 1692 988 1716 uno
1010 1680 1148 1716 erimus
1170 1680 1348 1724 contenti,
1361 1681 1460 1728 quod

269 1744 316 1768 ex
333 1744 377 1767 eo
392 1731 504 1767 facile
519 1731 658 1779 conjici
671 1732 817 1779 poterit,
831 1744 941 1778 quam
956 1744 1065 1767 carus
1083 1732 1162 1767 suis
1179 1731 1302 1768 fuerit.
1334 1733 1460 1774 Quum

268 1783 428 1819 Athenis
446 1783 752 1819 adolescentulus
774 1795 927 1818 causam
947 1783 1104 1827 diceret,
1119 1795 1194 1819 non
1211 1784 1333 1820 solum
1346 1784 1459 1821 amici

268 1835 474 1882 privatique
494 1833 666 1881 hospites
696 1835 743 1870 ad
771 1847 858 1870 eum
885 1834 1165 1870 defendendum
1189 1844 1458 1881 convenerunt,

269 1887 337 1922 sed
358 1886 472 1922 etiam
499 1886 538 1922 in
569 1885 626 1921 eis
655 1886 773 1922 Jason
802 1894 996 1933 tyrannus,
1016 1886 1078 1933 qui
1109 1887 1175 1923 illo
1203 1894 1371 1935 tempore
1390 1888 1459 1924 fuit

269 1938 433 1974 omnium
451 1937 749 1986 potentissimus.
798 1938 875 1974 Hic
892 1951 1004 1985 quum
1018 1938 1057 1974 in
1071 1939 1192 1986 patria
1211 1939 1294 1975 sine
1315 1940 1459 1976 satelli-

268 1991 366 2026 tibus
387 2002 429 2025 se
446 1997 562 2026 tutum
587 2000 664 2025 non
692 1990 940 2034 arbitraretur,
961 1990 1132 2029 Athenas
1162 1990 1244 2026 sine
1270 1991 1348 2027 ullo
1366 2004 1460 2040 prae·

270 2042 368 2078 sidio
387 2041 502 2086 venit,
522 2042 688 2087 tantique
718 2041 907 2089 hospitem
927 2042 1031 2086 fecit,
1050 2050 1090 2078 ut
1108 2043 1239 2078 mallet
1258 2056 1301 2078 se
1323 2044 1458 2092 capitis

268 2094 479 2142 periculum
517 2093 633 2137 adire,
662 2105 773 2140 quam
810 2093 1013 2129 Timotheo
1051 2094 1098 2130 de
1135 2094 1234 2130 fama
1264 2094 1459 2132 dimicanti

269 2146 420 2182 deesse.
465 2145 579 2181 Hunc
600 2147 780 2182 adversus
800 2155 927 2182 tamen
942 2145 1168 2182 Timotheus
1182 2154 1317 2194 postea
1328 2147 1457 2195 populi

264 2197 375 2246 jussu
393 2197 534 2234 bellum
553 2198 685 2245 gessit,
704 2197 907 2245 patriaeque
928 2198 1118 2234 sanctiora
1132 2199 1229 2247 jura,
1249 2211 1360 2246 quam
1371 2198 1460 2235 hos-

268 2249 363 2297 pitii,
384 2262 472 2285 esse
493 2249 608 2285 duxit.
666 2249 762 2285 Haeo
793 2257 960 2285 extrema
978 2249 1048 2285 fuit
1075 2257 1166 2286 aetas
1195 2250 1459 2299 imperatorum

270 2300 572 2346 Atheniensium,
606 2301 820 2350 Iphicratis,
860 2301 1046 2346 Chabriae,
1078 2302 1295 2347 Timothei;
1334 2315 1458 2350 neque

268 2360 354 2400 post
382 2353 531 2389 illorum
564 2354 705 2390 obitum
750 2354 947 2402 quisquam
985 2354 1062 2391 dux
1104 2354 1144 2391 in
1170 2355 1237 2392 illa
1266 2355 1358 2391 urbe
1387 2354 1458 2391 fuit

268 2403 404 2453 dignus
424 2404 616 2442 memoria.
