1651 2790
167 911 191 946 ΕΠ

231 234 311 272 102
377 230 520 272 XXV.
585 237 646 272 10.
711 231 778 286 (T.
801 231 1059 286 Pomponzus
1082 233 1280 287 Atticus.)

224 331 390 380 bantur;
423 346 582 370 uxorem
612 334 795 370 Fulviam
826 335 1003 372 omnibus
1033 335 1148 372 rebus
1178 336 1343 386 spoliare
1367 349 1418 374 cu

223 385 400 434 piebant,
432 386 570 423 liberos
590 387 705 423 etiam
734 388 978 436 exstinguere
1009 389 1206 436 parabant.
1264 390 1432 435 Atticus,

223 450 343 486 quum
374 438 570 476 Ciceronis
599 440 732 476 intima
764 439 1020 476 familiaritate
1043 448 1224 485 uteretur,
1247 443 1432 479 amicissi-

222 502 309 527 mus
329 499 428 528 esset
456 491 585 536 Bruto,
608 504 680 528 non
700 493 809 529 modo
830 493 922 529 nihil
956 494 1002 529 iis
1027 493 1184 531 indulsit
1204 494 1250 530 ad
1271 495 1432 531 Antoni-

222 554 287 578 um
309 544 542 589 violandum,
564 544 628 580 sed
650 558 670 581 e
691 546 881 581 contrario
913 545 1124 582 familiares
1152 547 1237 595 ejus
1269 559 1317 583 ex
1339 547 1432 583 urbe

221 595 492 646 profugientes,
523 603 709 645 quantum
740 598 870 646 potuit,
901 599 1003 641 texit,
1025 599 1164 646 quibus
1199 599 1312 635 rebus
1337 599 1430 635 indi-

222 656 401 697 guerunt,
423 649 581 698 adjuvit.
631 649 672 685 P.
696 662 786 686 vero
806 649 1014 687 Volumnio
1034 663 1078 686 ea
1095 651 1237 695 tribuit,
1261 658 1301 687 ut
1321 651 1433 700 plura.

222 714 244 736 a
264 708 418 749 parente
449 702 641 750 proficisci
668 714 741 738 non
761 703 963 751 potuerint.
1022 702 1097 751 Ipsi
1118 710 1246 739 autem
1267 702 1431 749 Fulviae‚

220 766 341 801 quum
370 754 500 790 litibus
521 754 767 791 distineretur
787 756 1014 805 magnisque
1043 755 1252 792 terroribus
1272 768 1430 793 vexare-

219 813 294 851 tur,
316 813 419 843 tanta
451 807 650 856 diligentia
669 807 837 844 officium
859 820 973 844 suum
1003 808 1185 856 praestitit,
1208 814 1249 845 ut
1278 808 1430 845 nullum

220 858 288 894 illa
308 860 445 896 stiterit
461 860 720 896 vadimonium
743 861 824 896 sine
845 861 987 904 Attico,
1002 860 1064 896 hic
1085 873 1241 909 sponsor
1258 861 1430 898 omnium

221 922 348 947 rerum
370 912 496 948 fuerit.
555 912 660 954 Quin
682 913 809 956 etiam,
831 925 950 961 quum
981 913 1049 948 illa
1070 912 1231 948 fundum
1259 913 1430 950 secunda

220 962 371 1001 fortuna
391 965 546 1001 emisset
574 966 612 1001 in
633 965 745 1007 diem,
768 977 893 1013 neque
915 971 996 1014 post
1015 965 1276 1001 calamitatem
1297 977 1427 1002 versu-

220 1027 302 1052 ram
334 1016 459 1053 facere
492 1019 685 1066 potuisset,
719 1018 783 1054 ille
823 1031 863 1054 se
889 1018 1114 1066 interposuit
1146 1018 1428 1066 pecuniamque

219 1069 300 1105 sine
322 1069 448 1106 fenore
469 1071 629 1118 sineque
650 1070 730 1106 ulla
754 1070 995 1119 stipulatione
1021 1070 1093 1119 [ei]
1115 1070 1286 1114 credidit,
1308 1071 1427 1106 maxi-

220 1133 327 1157 mum
353 1122 576 1159 existimans
607 1130 807 1171 quaestum,
843 1135 1049 1159 memorem
1079 1130 1309 1172 gratumque
1341 1136 1426 1173 cog-

219 1175 337 1219 nosci,
359 1175 551 1223 simulque
585 1176 745 1224 aperire,
767 1188 806 1212 se
826 1188 897 1212 non
931 1174 1102 1219 fortunae,
1124 1175 1190 1211 sed
1211 1175 1429 1212 hominibus

220 1226 342 1263 solere
372 1235 456 1263 esse
483 1229 667 1264 amicum.
724 1227 823 1269 Quae
854 1240 973 1276 quum
1006 1226 1181 1271 faciebat,
1205 1240 1314 1264 nemo
1337 1240 1427 1264 eum

218 1279 399 1327 temporis
419 1292 539 1316 causa
560 1279 689 1316 facere
710 1287 854 1328 poterat
875 1280 1105 1316 existimare.
1147 1279 1306 1316 Nemini
1326 1281 1427 1316 enim

219 1331 256 1366 in
278 1332 491 1379 opinionem
513 1333 699 1376 veniebat,
722 1333 933 1369 Antonium
950 1344 1078 1368 rerum
1095 1333 1315 1381 potiturum.
1352 1332 1428 1369 Sed

220 1384 361 1420 sensim
382 1384 414 1420 is
436 1397 458 1420 a
478 1384 671 1421 nonnullis
691 1385 934 1433 optimatibus
955 1384 1313 1433 reprehendebatur,
1328 1384 1428 1433 quod

219 1448 356 1484 parum
386 1436 508 1473 odisse
540 1437 661 1473 malos
691 1438 796 1473 cives
828 1437 1036 1474 videretur.
1111 1437 1181 1474 Ille
1213 1444 1340 1474 autem
1367 1438 1428 1474 sui

215 1488 352 1536 judicii
374 1489 508 1536 potius,
529 1489 620 1538 quid
637 1503 677 1526 se
699 1489 824 1526 facere
845 1502 914 1539 par
933 1496 1044 1534 esset,
1062 1490 1293 1534 intuebatur,
1311 1502 1426 1539 quam

219 1541 309 1589 quid
331 1541 397 1577 alii
418 1540 613 1578 laudaturi
635 1541 769 1578 forent.

274 1592 321 1629 X.
351 1593 546 1630 Conversa
566 1595 689 1631 subito
719 1594 869 1631 fortuna
888 1601 956 1631 est.
1015 1594 1067 1631 Ut
1096 1595 1289 1631 Antonius
1319 1595 1428 1631 rediit

219 1645 256 1680 in
279 1645 441 1691 Italiam,
456 1659 567 1683 nemo
586 1659 659 1683 non
674 1660 812 1696 magno
832 1648 870 1683 in
892 1647 1062 1695 periculo
1079 1647 1254 1683 Atticum
1275 1654 1428 1694 putarat

221 1705 373 1746 propter
392 1699 564 1735 intimam
586 1700 886 1736 familiaritatem
906 1699 1103 1735 Ciceronis
1123 1706 1159 1735 et
1179 1698 1303 1735 Bruti.
1353 1698 1426 1735 Ita-

220 1762 294 1797 que
311 1750 356 1785 ad
378 1751 583 1787 adventum
604 1752 875 1799 imperatorum
893 1751 938 1786 de
957 1750 1035 1787 foro
1048 1750 1274 1794 decesserat,
1290 1751 1426 1787 timens

220 1802 544 1850 proscriptionem,
566 1803 782 1851 latebatque
804 1803 904 1852 apud
936 1803 978 1838 P.
1001 1802 1265 1847 Volumnium,
1288 1803 1363 1847 cui,
1386 1810 1427 1839 ut

219 1854 464 1898 offendimus,
491 1855 619 1903 paullo
651 1862 737 1891 ante
770 1867 880 1904 opem
914 1855 1074 1891 tulerat:
1105 1854 1228 1904 (tanta
1261 1856 1427 1892 varietas

220 1906 266 1942 iis
295 1907 529 1955 temporibus
561 1906 631 1943 fuit
665 1906 837 1951 fortuna-3⁴,
874 1913 915 1943 ut
949 1907 1056 1943 modo
1086 1907 1136 1951 hi,
1158 1906 1267 1943 modo
1300 1907 1356 1943 illi
1388 1908 1427 1943 in

220 1971 369 1995 summo
389 1966 515 1995 essent
536 1966 601 1995 aut
618 1958 779 2009 fastigio,
811 1966 877 1996 aut
904 1959 1090 2007 periculo)
1112 1959 1349 2008 habebatque
1369 1973 1425 1996 se-

221 2023 311 2047 cum
341 2011 391 2053 Q.
415 2010 587 2048 Gellium
607 2011 769 2055 Canum,
797 2012 983 2059 aequalem
1005 2011 1321 2060 simillimumque
1351 2012 1424 2048 sui.

221 2062 306 2100 Hoc
337 2076 488 2112 quoque
521 2064 568 2100 sit
602 2064 722 2100 Attici
754 2064 927 2100 bonitatis
956 2064 1186 2112 exemplum,
1208 2064 1307 2112 quod
1337 2077 1427 2100 cuni

221 2128 276 2159 eo,
311 2128 426 2164 quem
460 2128 621 2165 puerum
649 2116 687 2152 in
719 2116 807 2153 ludo
836 2123 1075 2165 cognoverat,
1098 2116 1191 2152 adeo
1225 2116 1427 2165 conjuncte

220 2168 327 2213 vixit,
349 2175 390 2204 ut
410 2168 456 2204 ad
491 2176 701 2205 extremam
721 2175 869 2204 aetatem
900 2169 1067 2205 amicitia
1088 2181 1218 2205 eorum
1250 2169 1427 2206 creverit.

222 2220 413 2257 Antonius
433 2228 572 2265 autem,
594 2222 663 2257 etsi
683 2228 785 2257 tanto
805 2221 888 2257 odio
909 2220 1103 2257 ferebatur
1130 2222 1168 2256 in
1189 2221 1426 2266 Ciceronem,

220 2280 261 2308 ut
294 2285 366 2309 non
401 2273 524 2309 solum
553 2274 600 2318 ei,
621 2273 686 2310 sed
706 2273 881 2310 omnibus
901 2274 1015 2309 etiam
1050 2274 1133 2322 ejus
1167 2274 1300 2309 amicis
1331 2272 1428 2309 esset

222 2324 412 2369 inimicus,
443 2338 582 2374 eosque
602 2326 719 2362 vellet
749 2326 999 2374 proscribere,
1036 2326 1165 2362 multis
1191 2326 1428 2362 hortantibus

220 2382 348 2413 tamen
370 2378 491 2415 Attici
521 2390 666 2424 memor
686 2377 757 2414 fuit
771 2377 898 2422 officii,
920 2385 957 2414 et
983 2378 1029 2422 ei,
1051 2391 1171 2427 quum
1195 2377 1426 2425 requisisset,

222 2429 380 2465 ubinam
400 2437 511 2475 esset,
532 2443 604 2468 sua
629 2443 746 2467 manu
767 2431 929 2480 scripsit,
951 2443 999 2467 ne
1032 2431 1193 2474 timeret,
1225 2429 1427 2477 statimque

223 2479 271 2516 ad
290 2493 331 2518 se
343 2483 491 2519 veniret
508 2495 516 2519 z
547 2495 588 2520 se
608 2495 710 2529 eum,
724 2489 760 2520 et
780 2482 886 2520 illius
906 2495 1026 2520 causa
1046 2480 1256 2531 [Gellium]
1276 2480 1427 2518 Canum
