1651 2790
496 233 612 272 XlV.
644 238 682 280 4,
707 240 744 271 5.
804 235 1050 284 (Datames.)
1316 239 1370 274 55

176 333 299 382 jusSit.
355 331 497 368 Postea
516 342 607 367 vero
626 343 737 379 quam
767 330 1055 368 Pharnabazum
1078 343 1146 367 rex
1165 332 1374 377 revocavit,

177 384 233 421 illi
252 396 397 420 summa
417 383 567 431 imperii
586 384 722 419 tradita
738 389 808 418 est.

229 436 299 473 IV
355 435 432 472 Hic
449 443 561 483 quum
581 436 743 471 maximo
760 434 883 471 studio
900 441 1135 482 compararet
1155 435 1375 481 exercitum,
1406 439 1420 473 1

179 488 459 545 AEgyptumque
493 487 686 536 proficisci
718 493 880 536 pararet,
915 487 1037 523 subito
1071 500 1094 522 a
1122 499 1212 534 rege
1241 487 1374 524 litterae

177 546 264 576 sunt
290 540 327 576 ei
354 540 495 584 missae,
515 546 555 575 ut
585 539 720 588 Aspim
748 538 913 587 affored(
907 546 1029 583 retur,
1058 539 1122 586 qui
1153 538 1374 575 Cataoniam

178 593 351 629 tenebat:
382 604 506 640 quaeg
487 604 580 627 (rens
606 592 712 639 jacet
740 603 853 639 supra
874 591 1065 648 Ciliciam,
1085 590 1246 626 confinis
1278 592 1375 639 Cap-

178 644 346 694 padociae
401 643 575 690 Namque
597 644 727 691 Aspis,
744 644 950 679 saltuosam
969 643 1167 691 regionem
1188 643 1376 679 castellis·
1403 647 1425 679 2

178 708 248 743 que
281 696 462 732 munitam
495 695 682 740 incolens,
715 707 791 732 non
819 695 941 731 solum
975 695 1135 743 imperio
1164 694 1268 743 regis
1301 707 1377 731 non

177 750 342 797 parebat,
363 748 433 784 sed
467 748 581 784 etiam
608 747 786 783 finitimas
806 748 985 796 regiones
1005 747 1178 791 vexabat,
1213 755 1261 791 et,
1295 759 1377 795 quoe

178 800 260 849 regi
278 807 525 849 portarentur,
539 800 759 849 abripiebat.
803 800 1000 844 Datames,
1021 799 1095 835 etsi
1114 776 1227 848 lon'ge
1249 801 1376 836 aberat
1406 801 1426 836 3

177 853 222 889 ab
250 853 310 889 his
330 853 562 901 regionibus,
592 860 629 889 et
661 865 683 888 a
700 853 843 901 majore
871 865 912 888 re
933 851 1231 897 abstrahebatur,
1251 859 1378 888 tamen

175 905 278 953 regis
298 904 480 941 voluntati
512 917 655 941 morem
688 905 896 953 gerendum
928 904 1082 953 putavit.
1138 905 1270 952 Itaque
1291 917 1378 940 cum

175 957 321 1006 paucis,
342 957 412 993 sed
430 956 524 992 viris
550 956 706 993 fortibus
725 969 864 993 navem
884 957 1119 1002 conscendit,
1141 956 1376 1001 existimans,

176 1009 216 1046 id
244 1009 343 1057 quod
372 1008 524 1054 accidit,
556 1009 707 1045 facilius
742 1022 784 1045 se
819 1009 1095 1058 imprudentem
1122 1021 1238 1058 parva
1264 1021 1377 1045 manu

175 1073 455 1110 oppressurum,
488 1074 599 1109 quam
630 1068 800 1110 paratum
830 1061 999 1110 quamvis
1033 1073 1170 1110 magno
1192 1061 1374 1097 exercitu.

177 1114 264 1150 Hac
284 1113 430 1150 delatus
457 1113 496 1150 in
517 1114 708 1158 Ciliciam,
729 1126 910 1162 egressus
939 1113 1040 1158 inde,
1061 1113 1145 1149 dies
1166 1121 1375 1161 noctesque
1404 1115 1428 1149 4

175 1166 246 1202 iter
265 1165 424 1210 faciens,
438 1166 606 1203 Taurum
623 1166 783 1210 transiit,
797 1178 931 1214 eoque,
944 1178 1015 1213 quo
1035 1166 1240 1210 studuerat,
1253 1165 1374 1209 venit;

175 1218 317 1266 quaerit,
337 1218 470 1266 quibus
504 1218 601 1255 locis
622 1219 672 1255 sit
704 1218 849 1267 Aspis;
890 1218 1099 1267 cognoscit,
1129 1217 1230 1254 haud
1262 1218 1376 1266 longe

177 1271 328 1315 abesse,
341 1270 623 1319 profectumque
645 1283 731 1307 eum
746 1278 934 1307 venatum.
993 1270 1119 1312 Quem
1138 1270 1226 1306 dum
1241 1281 1377 1318 specu-

176 1323 285 1366 latur,
305 1323 490 1359 adventus
507 1323 589 1372 ejus
610 1335 727 1359 causa
747 1323 1002 1371 cognoscitur.
1034 1322 1188 1359 PisIdas
1210 1334 1296 1358 cum
1315 1322 1377 1366 iis,

177 1385 270 1421 quos
290 1387 424 1410 secum
455 1374 630 1420 habebat,
651 1375 698 1411 ad
729 1375 987 1411 resistendum
1019 1375 1137 1423 Aspis
1172 1381 1375 1422 comparat.

178 1426 223 1462 Id
243 1426 426 1462 Datames
438 1426 503 1462 ubi
523 1427 678 1471 audivit,
693 1439 795 1463 arma
807 1427 932 1471 sumit,
946 1438 1110 1474 suosque
1125 1425 1234 1473 sequi
1248 1427 1374 1475 Jubet3
1405 1429 1428 1461 5

178 1478 262 1526 ipse
295 1490 390 1525 equo
412 1478 601 1514 concitato
621 1479 668 1514 ad
697 1478 848 1515 hostem
867 1478 1029 1514 vehitur.
1088 1479 1214 1520 Quem
1245 1478 1378 1526 procul

178 1530 295 1579 Aspis
316 1530 561 1578 conspiciens
583 1530 630 1566 ad
649 1543 692 1571 se
726 1530 911 1566 ferentem
940 1530 1188 1578 pertimescit,
1210 1536 1319 1576 atque
1354 1541 1377 1565 a

178 1590 314 1618 conatu
333 1582 539 1618 resistendi
559 1582 760 1618 deterritus
781 1595 870 1618 sese
891 1582 1007 1618 dedit.
1056 1581 1170 1618 Hunc
1193 1581 1376 1618 Datames

177 1634 343 1670 vinctum
364 1634 411 1670 ad
430 1646 561 1682 regem
580 1634 794 1670 ducendum
811 1634 924 1670 tradit
943 1632 1167 1670 Mithridati}

229 1686 278 1723 V.
334 1686 431 1722 Haec
460 1686 482 1722 d
502 1698 548 1722 ι111
576 1693 765 1734 geruntur,
786 1686 1030 1729 Artaxerxes,
1059 1685 1326 1730 reminiscens,
1355 1697 1378 1721 a
1408 1688 1425 1722 1

176 1745 313 1786 quanto
342 1738 444 1774 bello
478 1737 525 1774 ad
557 1750 668 1785 quam
699 1750 853 1786 parvam
881 1750 961 1773 rem
990 1736 1204 1785 principem
1240 1737 1379 1773 ducum

176 1791 358 1835 misisset,
378 1802 421 1826 se
456 1802 538 1838 lpse
564 1789 821 1838 reprehendit,
843 1797 880 1826 et
911 1790 1082 1826 nuntium
1102 1789 1149 1825 ad
1169 1789 1378 1825 exercitum

178 1843 288 1879 Acen
305 1842 420 1886 misit,
440 1841 540 1889 quod
570 1842 737 1878 nondum
766 1842 966 1878 Datamem
985 1841 1195 1890 profectum
1213 1842 1376 1890 putabat,

175 1895 239 1942 qui
258 1894 415 1939 diceret,
434 1906 483 1930 110
505 1895 549 1930 ab
571 1894 741 1930 exercitu
761 1893 992 1930 discederet.
1049 1893 1140 1937 Hic,
1160 1893 1376 1941 priusquam

175 1946 403 1995 perveniret,
423 1958 495 1993 quo
515 1953 596 1982 erat
627 1945 831 1994 profectus,
851 1946 892 1982 in
923 1945 1059 1981 itinere
1091 1945 1280 1989 convenit,
1313 1945 1376 1993 qui

176 1998 312 2047 Aspim
331 1998 531 2034 ducebant.
589 1998 676 2040 Qua
695 1998 891 2034 celeritate
925 2010 1038 2045 quum
1056 2009 1233 2045 magnam
1259 1998 1375 2033 bene·
1403 2000 1426 2033 2

176 2050 381 2086 volentiam
392 2050 495 2098 regis
517 2049 700 2086 Datames
715 2057 944 2086 consecutus
967 2056 1083 2093 esset,
1096 2061 1173 2085 non
1191 2049 1377 2085 minorem

175 2102 357 2138 invidiam
376 2102 584 2138 aulicorum
598 2102 763 2150 excepit,
776 2102 839 2149 qui
860 2101 965 2138 illum
982 2113 1098 2136 unum
1113 2101 1244 2148 pluris,
1264 2113 1376 2148 quam

176 2167 220 2190 se
254 2166 398 2197 omnes,
431 2153 514 2189 fieri
543 2166 564 2188 v
568 2154 734 2189 idebant.
794 2153 880 2195 Quo
914 2153 1014 2189 fact-o
1049 2151 1177 2188 cuncti
1209 2152 1256 2187 ad
1290 2164 1376 2188 eum

176 2205 474 2261 opprimendum
483 2212 770 2241 consenserunt.
828 2205 925 2241 Haec
947 2204 1152 2261 Pandates,
1166 2215 1270 2261 gazae
1290 2215 1375 2239 cus·
1407 2209 1428 2242 3

177 2264 234 2292 tos
254 2268 382 2304 regiae,
403 2255 547 2292 amicus
570 2256 733 2301 Datami,
754 2256 966 2313 perscripta
987 2256 1022 2291 01
1038 2255 1161 2299 mittit,
1178 2255 1221 2290 in
1240 2253 1377 2301 quibus

178 2309 311 2344 docet:
344 2320 430 2343 eum
448 2319 584 2355 magno
604 2307 683 2344 fore
702 2308 887 2355 periculo,
907 2308 941 2344 si
960 2307 1050 2355 quid
1077 2307 1144 2342 illo
1163 2306 1378 2354 imperanto

176 2361 216 2396 in
235 2360 406 2408 AEgypto
426 2359 579 2395 adversi
599 2359 818 2395 accidisset.
875 2359 1049 2406 Namque
1071 2371 1155 2394 eam
1175 2370 1264 2394 0550
1285 2370 1374 2394 con·
1402 2361 1424 2396 4

177 2411 416 2448 suetudinem
448 2410 604 2459 regiam,
637 2417 678 2446 ut
709 2423 821 2446 casus
851 2411 1032 2446 adversos
1061 2409 1277 2446 hominibus
1310 2410 1374 2446 tri-

177 2464 301 2508 buant,
321 2462 512 2499 secundos
532 2462 688 2498 sortunae
707 2474 808 2498 suae:
839 2473 912 2509 quo
931 2461 1026 2506 fieri,
1046 2468 1085 2497 ut
1105 2461 1219 2498 facile
1239 2461 1373 2510 impel-
