1651 2790
358 240 501 282 XXV.
562 244 659 287 8,9.
725 239 792 294 (T.
814 238 1076 292 Pomponius
1096 239 1292 293 Atticus.)
1349 245 1422 282 101

219 355 368 381 summa
388 355 478 379 cum
498 342 583 391 ejus
601 340 808 378 offensione
840 341 940 377 domi
973 349 1253 379 remanserunt.
1312 343 1429 380 Attici

217 403 344 432 autem
365 397 474 445 quies
494 402 688 444 tantopere
709 394 852 431 Caesari
875 393 945 430 fuit
964 400 1086 443 grata,
1102 401 1153 438 ut,
1172 396 1294 431 victor
1309 408 1429 444 quum

216 449 376 497 privatis
410 448 593 498 pecunias
627 459 694 496 per
714 446 892 495 epistolas
920 447 1138 495 imperaret,
1160 447 1250 483 huic
1271 460 1343 484 non
1373 462 1428 485 so-

215 501 297 537 lum
318 500 502 538 molestus
528 512 602 536 non
625 500 753 544 fuerit,
774 499 840 536 sed
870 500 984 535 etiam
1005 500 1145 535 sororis
1165 500 1288 535 filium
1309 508 1344 536 ct
1377 500 1427 542 Q.

214 553 442 590 Ciceronem
471 565 518 590 ex
554 552 720 602 Pompeii
753 553 888 589 castris
909 553 1156 588 concesserit.
1213 552 1278 589 Sic
1301 560 1428 589 vetere

214 606 385 642 instituto
406 607 492 642 vitae
512 605 645 655 effugit
665 617 763 641 nova
784 604 970 654 pericula.

267 658 376 695 VIlI.
429 659 613 695 Secutum
653 665 709 694 est
742 657 851 694 illud.
926 656 1066 694 Occiso
1103 657 1270 702 Coesare,
1309 670 1428 706 quum

172 731 175 735 ·
215 711 433 759 respublica
446 723 561 760 penes
577 710 715 747 Brutos
729 710 1016 746 videreturesse
1030 716 1066 746 et
1086 709 1276 755 Cassium,
1292 724 1337 747 ac
1350 717 1426 746 tota

214 764 350 800 civitas
381 777 421 800 sc
443 763 489 800 ad
509 776 574 800 eos
594 764 825 800 convertisse
856 763 1112 812 [videretur]:
1143 763 1199 799 sic
1232 762 1284 798 M.
1309 763 1428 799 Bruto

215 828 309 852 usus
342 823 410 861 est,
443 823 483 852 ut
516 816 623 852 nullo
656 815 723 852 ille
756 815 977 852 adolescens
1010 815 1151 864 aequali
1185 815 1426 858 familiarius,

214 881 330 916 quam
361 869 432 905 hoc
465 881 568 912 sene,
602 881 727 917 neque
759 868 882 905 solum
917 881 1006 904 eum
1037 869 1249 918 principem
1279 868 1427 905 consilii

214 921 383 965 haberet,
415 921 481 958 sed
515 922 630 957 etiam
664 922 703 956 in
740 921 935 957 convictu.
1006 921 1279 970 Excogitatum
1314 929 1370 958 est
1406 934 1427 957 a

212 973 453 1022 quibusdam,
470 980 510 1010 ut
530 974 721 1022 privatum
739 974 917 1010 aerarium
932 973 1098 1010 Caesaris
1119 973 1427 1010 interfectoribus

213 1026 260 1062 ab
294 1027 487 1075 equitibus
521 1026 706 1063 Romanis
740 1027 1048 1063 constitueretur.
1106 1025 1148 1062 Id
1184 1026 1298 1063 facile
1325 1026 1427 1063 effici

212 1091 320 1127 posse
338 1080 509 1116 arbitrati
526 1086 625 1123 sunt,
643 1080 674 1115 si
691 1086 727 1116 et
749 1080 940 1128 principes
956 1079 1062 1115 illius
1078 1079 1220 1115 ordinis
1241 1080 1425 1128 pecunias

212 1131 474 1168 contulissent.
533 1131 667 1181 Itaque
697 1132 911 1180 appellatus
930 1138 987 1168 est
1022 1145 1043 1168 a
1078 1131 1122 1168 C.
1146 1131 1293 1177 Flavio,
1315 1132 1426 1169 Bruti

213 1182 407 1229 familiari,
430 1185 597 1228 Atticus,
622 1191 661 1221 ut
689 1184 773 1232 ejus
795 1185 850 1220 rei
881 1185 1058 1233 princeps
1078 1196 1161 1221 esse
1182 1185 1312 1221 vellet.
1370 1185 1425 1221 At

211 1236 290 1281 ille,
311 1238 377 1285 qui
399 1237 524 1274 officia
545 1237 679 1274 amicis
709 1237 924 1286 praestanda
944 1237 1025 1273 sine
1047 1236 1210 1273 factione
1231 1237 1425 1273 existima-

213 1296 280 1332 ret,
302 1302 526 1338 semperque
549 1303 571 1326 a
597 1290 739 1326 talibus
759 1302 799 1326 se
820 1290 1252 1334 consiliis-removisset,
1274 1302 1424 1339 respon-

212 1341 286 1377 dit:
327 1342 358 1378 si
390 1343 481 1391 quid
511 1342 656 1379 Brutus
682 1342 728 1379 de
749 1343 830 1378 suis
862 1342 1110 1379 facultatibus
1143 1343 1198 1378 uti
1230 1342 1422 1379 voluisset„

217 1406 392 1437 usurum,
413 1401 599 1442 quantum
631 1395 690 1431 hae
722 1402 966 1443 paterentur3
998 1408 1039 1431 se
1068 1406 1194 1443 neque
1215 1407 1305 1431 cum
1334 1408 1409 1443 quo

214 1458 330 1493 quam
351 1446 397 1482 de
418 1459 464 1482 ca
485 1459 525 1482 re
546 1446 841 1491 collocuturum,
865 1459 989 1495 neque
1010 1447 1214 1483 coiturum.
1273 1447 1339 1483 Sic
1358 1447 1424 1484 ille

215 1499 472 1534 consensionis
505 1498 641 1547 globus
672 1499 788 1547 hujus
821 1499 934 1535 unius
973 1499 1204 1536 dissensione
1243 1499 1426 1548 disjectus

213 1557 282 1586 est.
340 1550 479 1599 Neque
501 1551 620 1587 multo
655 1558 735 1600 post
766 1552 941 1600 superior
961 1564 1043 1587 esse
1074 1552 1190 1600 coepit
1220 1552 1422 1596 Antonius,

213 1604 264 1638 ita
297 1609 336 1639 ut
367 1603 511 1639 Brutus
545 1610 581 1639 et
612 1603 781 1646 Cassius,
805 1604 1100 1652 provinciarum,
1123 1616 1208 1652 quae
1238 1605 1285 1640 iis
1320 1605 1425 1640 necis

213 1667 333 1691 causa
353 1655 450 1692 datae
470 1663 578 1692 erant
599 1668 621 1691 a
642 1657 878 1701 consulibus,
900 1656 1108 1704 desperatis
1139 1657 1264 1700 rebus,
1295 1657 1332 1692 in
1360 1669 1422 1693 ex-

212 1708 342 1744 silium
374 1708 721 1757 proficiscerentur.
780 1709 947 1752 Atticus,
978 1709 1043 1756 qui
1075 1710 1279 1757 pecuniam
1308 1709 1423 1746 simul

212 1773 301 1796 cum
323 1762 462 1797 ceteris
482 1760 656 1797 conferre
684 1761 859 1797 noluerat
888 1762 1035 1797 florenti
1055 1761 1111 1797 illi
1142 1762 1252 1810 parti,
1275 1762 1423 1810 abjecto

211 1812 330 1849 Bruto
368 1812 555 1862 Italiaque
587 1813 737 1850 cedenti
775 1813 890 1850 LLS.
923 1821 1077 1850 centum
1117 1814 1239 1850 millia
1273 1814 1424 1850 muneri

212 1866 327 1902 misit.
395 1865 533 1902 Eidem
565 1867 603 1902 in
639 1866 758 1914 Epiro
790 1866 926 1903 absens
959 1872 1131 1903 trecenta
1164 1866 1279 1915 jussit
1309 1866 1419 1913 dari3

211 1930 335 1967 neque
356 1931 400 1954 eo
421 1919 543 1967 magis
563 1919 703 1967 potenti
724 1919 904 1956 adulatus
924 1926 980 1955 est
997 1919 1175 1964 Antonio,
1198 1931 1321 1968 neque
1341 1919 1422 1956 des-

211 1977 361 2019 peratos
384 1971 549 2019 reliquit.

264 2022 333 2060 IX.
365 2022 551 2059 Secutum
573 2030 630 2059 est
660 2023 803 2060 bellum
824 2030 975 2073 gestum
997 2024 1097 2073 apud
1120 2023 1321 2060 Mutinam.
1378 2024 1421 2061 In

211 2087 285 2123 quo
305 2076 336 2111 si
366 2082 514 2111 tantum
535 2088 623 2111 eum
656 2076 880 2125 prudentem
903 2077 1041 2121 dicam,
1063 2077 1201 2120 minus,
1223 2089 1339 2124 quam
1360 2076 1421 2113 de-

212 2127 336 2171 beam,
364 2127 580 2175 praedicem,
602 2141 722 2177 quum
743 2129 809 2166 ille
830 2130 953 2178 potius
974 2128 1126 2164 divinus
1148 2127 1285 2164 fuerit:
1315 2129 1348 2165 si
1368 2129 1420 2165 di-

213 2179 354 2215 vinatio
374 2180 603 2228 appellanda
633 2188 689 2218 est
723 2190 907 2230 perpetua
936 2181 1124 2217 naturalis
1156 2181 1314 2225 bonitas,
1336 2193 1422 2229 quae

212 2231 328 2267 nullis
360 2232 512 2267 casibus
542 2244 666 2280 neque
699 2235 838 2281 agitur,
872 2246 996 2282 neque
1035 2233 1235 2269 minuitur.
1291 2233 1421 2270 Hostis

217 2284 405 2319 Antonius
439 2283 635 2331 judicatus
673 2285 784 2322 Italia
822 2293 1017 2330 cesserat3
1071 2298 1157 2334 spes
1197 2285 1422 2326 restituendi

213 2335 321 2371 nulla
353 2342 447 2372 erat.
506 2335 593 2372 Non
615 2337 737 2373 solum
759 2338 881 2387 [ejus]
912 2338 1068 2381 inimici.
1101 2338 1167 2385 qui
1199 2344 1280 2373 tum
1311 2344 1421 2374 erant

211 2388 464 2436 potentissimi
485 2394 522 2423 et
555 2387 723 2436 plurimi,
744 2390 810 2426 sed
839 2391 966 2435 etiam,
988 2390 1054 2438 qui
1089 2390 1319 2426 adversariis
1338 2390 1422 2438 ejus

211 2453 252 2477 se
273 2440 425 2486 dabant,
447 2446 485 2477 et
515 2440 554 2476 in
575 2452 618 2476 eo
648 2440 818 2478 laedendo
848 2442 1016 2490 aliquam
1037 2435 1312 2480 consecuturos
1340 2442 1420 2493 [se]

211 2493 415 2542 sperabant
435 2492 814 2539 commendationem,
836 2494 993 2531 Antonii
1015 2493 1226 2532 familiares
1244 2495 1419 2545 inseque-

817 2545 862 2582 9*

1458 345 1481 380 3

1460 661 1475 694 1

1457 766 1481 799 2

1453 1554 1476 1586 5
