1651 2790
499 237 597 279 XV.
657 241 696 278 4.
760 235 1132 291 (Epaminondas.)
1361 241 1410 278 61

211 342 287 380 cile
307 353 510 392 perpessus
529 347 597 385 est,
620 346 664 377 ut
692 339 738 376 de
759 338 959 388 republica
980 338 1074 374 nihil
1105 344 1242 387 praeter
1260 337 1422 387 gloriam

210 395 368 444 ceperit.
427 394 655 430 Amicorum
684 393 723 428 in
752 405 792 428 se
821 391 961 428 tuendo
994 391 1120 427 caruit
1149 390 1420 436 facultatibus;

212 448 286 484 fide
307 447 353 484 ad
375 447 470 484 alios
494 445 750 483 sublevandos
770 457 870 493 saepe
896 444 952 480 sic
973 455 1066 479 usus
1086 449 1153 487 est,
1172 450 1212 479 ut
1233 443 1345 491 possit
1362 443 1422 490 ju-

213 500 346 545 dicari,
376 500 503 536 onmia
531 499 566 535 ei
595 511 686 535 cum
715 497 851 534 amicis
881 495 999 533 fuisse
1029 496 1259 531 communia.
1318 495 1423 530 Nam

212 564 333 602 quum
354 558 420 589 aut
449 552 592 588 civium
613 562 770 588 suorum
801 549 939 598 aliquis
960 548 1007 585 ab
1028 547 1198 584 hostibus
1218 554 1316 583 esset
1336 559 1423 596 eap-

212 612 286 650 tuS‚
308 612 374 642 aut
402 605 510 654 virgo
531 604 646 640 amici
676 602 818 639 nubilis
847 607 999 651 propter
1027 606 1291 649 paupertatem
1310 599 1422 636 collo-

213 658 296 695 cari
314 669 389 694 non
410 664 544 706 posset,
568 657 781 693 amicorum
802 655 1010 692 concilium
1031 653 1206 696 habebat,
1230 660 1277 696 et,
1304 664 1422 700 quan-

212 717 295 748 tum
324 710 486 759 quisque
512 709 630 754 daret,
652 721 718 758 pro
748 707 996 745 facultatibus
1025 706 1249 755 imperabat.
1307 705 1422 741 Eam-

213 776 288 812 que
308 775 498 799 summam
519 774 639 810 quum
661 761 816 804 fecerat,
844 760 1069 809 priusquam
1090 759 1283 807 acciperet
1309 770 1422 806 pecu-

213 816 331 860 niam,
363 815 577 852 adducebat
604 827 706 858 eum,
737 814 803 863 qui
833 813 1041 862 quaerebat,
1065 811 1111 847 ad
1139 823 1218 855 eos,
1250 811 1316 859 qui
1337 822 1423 846 con-

214 867 398 912 ferebant,
423 868 535 917 eique
566 874 607 904 ut
640 868 710 916 ipsi
744 871 1005 909 numerarent,
1038 863 1227 910 faciebat3
1272 870 1313 899 ut
1346 862 1423 906 ille,

214 920 261 956 ad
291 933 407 969 quem
440 933 487 956 ea
518 933 579 956 res
610 919 868 969 perveniebat,
899 918 1026 962 sciret,
1062 923 1249 966 quantum
1284 915 1425 964 cuique

213 972 379 1009 deberet.

266 1024 337 1062 IV.
370 1025 535 1062 Tentata
552 1033 680 1062 autem
694 1025 778 1074 ejus
798 1031 854 1061 est
875 1022 1103 1059 abstinentia
1120 1034 1142 1057 a
1161 1020 1424 1064 Diomedonte,

213 1077 422 1126 Cyziceno.
465 1078 646 1127 Namque
666 1078 699 1115 is
720 1084 855 1126 rogatu
869 1075 1099 1112 Artaxerxis
1120 1073 1426 1123 Epaminondam

214 1132 379 1179 pecunia
413 1130 737 1180 corrumpendum
767 1134 1003 1177 susceperat.
1061 1127 1139 1163 Hic
1169 1139 1307 1176 magno
1337 1138 1427 1164 cum

215 1183 378 1233 pondere
393 1184 477 1220 auri
498 1183 653 1220 Thebas
674 1183 788 1227 venit,
804 1188 840 1218 et
861 1181 1078 1229 Micythum
1096 1179 1426 1216 adolescentulum

214 1236 383 1285 quinque
412 1236 570 1273 talentis
599 1236 645 1272 ad
678 1248 788 1272 suam
823 1234 1000 1284 perduxit
1028 1233 1276 1276 voluntatem,
1312 1243 1427 1280 quem

214 1295 295 1325 turn
316 1288 602 1337 Epaminondas
623 1289 831 1338 plurimum
853 1286 1048 1336 diligebat.
1107 1285 1305 1333 Micythus
1326 1284 1426 1333 Epa-

216 1341 434 1378 minondam
461 1342 649 1385 convenit,
681 1349 718 1378 et
751 1352 911 1377 causam
946 1338 1132 1375 adventus
1163 1337 1425 1374 Diomedontis

216 1393 390 1430 ostendit.
448 1395 503 1430 At
522 1394 587 1430 ille
607 1393 857 1430 Diomedonte
879 1404 1021 1437 coram,
1043 1390 1164 1433 Nihil,
1186 1391 1320 1439 inquit,
1337 1402 1427 1436 opus

216 1447 373 1492 pecunia
406 1452 472 1482 est.
536 1445 638 1482 Nam
670 1448 705 1482 si
738 1459 781 1483 ea
811 1458 876 1482 νεα)
908 1445 996 1488 vult,
1026 1457 1105 1492 quae
1139 1442 1323 1480 Thebanis
1355 1444 1429 1478 sint

217 1498 335 1541 utilia,
358 1499 480 1545 grat-is
498 1496 634 1548 facere
663 1511 744 1534 sum
771 1504 932 1545 paratus
945 1510 963 1541 ;
993 1499 1052 1532 sin
1081 1502 1201 1532 autem
1230 1496 1425 1539 contraria,

217 1562 289 1586 non
309 1550 414 1586 habet
433 1552 520 1586 cruri
547 1556 652 1598 atque
672 1552 816 1598 argenti
843 1552 947 1585 satis.
1036 1547 1174 1596 'conque
1195 1548 1292 1583 orbis
1312 1553 1426 1584 terra-

217 1615 299 1638 rum
325 1603 475 1638 divitias
494 1605 659 1651 accipere
682 1604 763 1639 nolo
777 1614 848 1650 pro
865 1603 995 1649 patriae
1022 1603 1188 1637 caritate.
1253 1598 1307 1635 Τιι
1331 1601 1427 1648 quod

218 1667 272 1692 me
305 1656 526 1703 incognitzwn
553 1657 711 1700 tentasti,
747 1656 868 1702 tuique
902 1654 1056 1690 similem
1090 1654 1316 1696 effistimasti,
1355 1664 1428 1688 non

218 1719 342 1751 meror,
377 1708 510 1755 tibique
540 1710 686 1756 ignosco
700 1721 718 1752 ;
761 1708 828 1744 sed
858 1708 1030 1755 egredere
1058 1717 1226 1753 propere,
1260 1717 1305 1741 ne
1334 1706 1428 1741 alios

220 1771 443 1807 corrumpas,
473 1773 583 1808 quum
602 1773 656 1797 me
679 1772 750 1796 non
765 1761 943 1807 potueris.
1007 1758 1073 1802 Tu,
1098 1757 1275 1805 M'icythe,
1296 1770 1426 1806 argen-

219 1817 293 1848 tum
323 1812 406 1848 huic
432 1813 544 1850 redde
559 1826 576 1857 ;
607 1815 682 1849 nisi
710 1814 749 1849 z‘cl
770 1811 960 1862 confestim
979 1810 1102 1860 faciS,
1125 1822 1189 1859 ego
1223 1816 1255 1847 te
1285 1811 1428 1846 tradam

219 1866 466 1913 magistratui.
537 1865 656 1902 Hunc
689 1864 900 1901 Diomedon
930 1876 1050 1912 quum
1079 1869 1242 1912 rogaret,
1275 1870 1315 1899 ut
1349 1869 1428 1899 tuto

219 1918 338 1961 exire,
363 1930 521 1966 suaque,
543 1931 629 1966 quae
656 1917 855 1962 attulisset,
877 1917 1010 1953 liceret
1040 1916 1195 1952 efferre:
1225 1914 1332 1952 Istud
1351 1916 1426 1963 qni-

219 1969 311 2013 dem,
334 1970 467 2018 inquit,
483 1969 634 2020 faciam
645 1984 663 2015 ;
692 1983 806 2018 neque
827 1977 890 2006 tua
911 1982 1036 2013 cansa,
1057 1970 1124 2005 secl
1143 1980 1233 2012 mea,
1254 1981 1311 2013 ne,
1333 1970 1368 2004 si
1387 1969 1427 2003 n·-

220 2021 256 2058 bz'
269 2023 318 2058 sit
330 2025 490 2070 pecunia
509 2024 688 2070 adempta,
705 2024 842 2071 aliquis
857 2024 966 2066 dicat,
981 2023 1020 2057 id
1035 2023 1085 2057 ad
1104 2033 1158 2057 me
1171 2027 1330 2069 ereptum
1344 2033 1428 2068 per-

219 2072 375 2119 venisse,
396 2076 492 2123 quod
511 2077 670 2112 delatum
691 2078 857 2122 accipere
877 2076 1087 2111 noluissem.
1146 2074 1182 2109 A
1205 2086 1280 2122 quo
1308 2086 1426 2121 quum

220 2127 429 2175 quaesisset,
446 2141 520 2176 quo
536 2141 576 2164 se
597 2128 735 2164 deduci
748 2128 873 2172 vellet,
888 2134 924 2163 et
944 2127 1021 2171 ille,
1045 2127 1230 2169 Athenas,
1249 2125 1426 2171 dixisset3

221 2179 439 2227 praesidium
461 2180 572 2224 dedit,
595 2186 635 2216 ut
665 2181 746 2229 [eo]
776 2187 855 2217 tuto
885 2179 1113 2228 perveniret.
1169 2178 1310 2226 Neque
1339 2190 1430 2213 vero

221 2230 260 2266 id
279 2231 371 2267 satis
390 2232 534 2277 habuit,
555 2233 622 2269 sed
642 2234 769 2276 etiam,
791 2239 832 2268 ut
852 2231 1060 2268 inviolatus
1080 2232 1118 2266 in
1138 2243 1278 2266 navem
1299 2242 1428 2266 ascen-

222 2282 340 2327 deret,
362 2295 429 2331 per
458 2283 664 2320 Chabriam
694 2285 983 2326 Atheniensem,
1006 2283 1051 2319 de
1078 2296 1153 2331 quo
1180 2294 1297 2331 supra
1326 2294 1428 2318 men-

223 2335 363 2370 tionem
389 2334 562 2379 fecimus,
584 2336 723 2372 effecit.
783 2336 1036 2372 Abstinentiae
1056 2336 1127 2371 erit
1148 2335 1217 2370 hoc
1237 2334 1328 2370 satis
1356 2341 1427 2370 tes-

222 2387 436 2424 timonium.
516 2387 688 2424 Plurima
714 2388 868 2436 quidem
900 2387 1069 2436 proferre
1101 2399 1321 2436 possemus;
1364 2387 1430 2423 sed

224 2439 357 2476 modus
371 2439 607 2476 adhibendus
628 2446 695 2484 est,
710 2441 889 2488 quoniam
913 2452 986 2475 uno
1006 2439 1076 2475 hoc
1098 2439 1291 2475 volumine
1312 2439 1430 2476 vitam

225 2492 497 2529 excellentium
518 2492 688 2528 virorum
709 2491 964 2540 complurium
987 2490 1217 2528 concludere
1236 2492 1430 2529 constitui-

858 2546 883 2575 (ἰ

1457 2075 1480 2110 θᾶῐ
