1651 2790
218 234 274 273 40
612 231 688 273 IX.
718 235 759 273 4.
817 233 1012 285 (Conon.)

210 335 393 374 maneret,
412 329 573 366 valebat.
629 330 766 378 Neque
800 329 840 366 id
869 330 1093 376 mirandum,
1122 331 1155 367 si
1187 343 1263 368 non
1296 331 1408 369 facile

212 382 260 419 ad
280 381 511 418 credendum
530 382 797 428 adducebatur,
825 382 1093 428 reminiscens,
1114 384 1196 433 ejus
1225 397 1267 420 se
1297 396 1409 432 opera

161 437 182 472 2
215 435 359 484 Cyrum
403 434 556 470 fratrem
592 447 810 482 superasse.
884 435 1010 484 Hujus
1045 435 1253 472 accusandi
1292 437 1407 484 gratia

214 487 345 524 Conon
364 499 386 522 a
400 486 645 522 Pharnabazo
659 486 706 522 ad
721 498 850 535 regem
868 487 1022 532 missus,
1037 495 1282 536 posteaquam
1298 489 1408 532 venit,

210 538 372 587 primum
393 550 441 574 ex
458 550 563 574 more
595 538 798 575 Persarum
828 539 875 574 ad
905 539 1168 585 chiliarchum,
1189 540 1253 588 qui
1274 553 1409 576 secun-

211 591 299 627 dum
319 590 475 639 gradum
494 589 644 638 imperii
656 591 820 635 tenebat,
834 591 1081 628 Tithrausten
1094 592 1274 636 accessit,
1291 605 1409 640 seque

211 643 376 679 ostendit
396 655 482 679 cum
501 654 592 691 rege
613 642 777 691 colloqui
797 643 910 679 velle.
967 643 1092 680 Nemo
1113 644 1216 680 enim
1231 644 1314 680 sine
1334 644 1407 680 hoc

160 699 181 732 3
213 695 429 731 admittitur.
497 695 600 731 Huic
632 694 711 739 ille,
745 695 858 740 nulla,
884 695 1016 743 inquit,
1037 709 1136 732 mora
1156 703 1211 732 est
1222 711 1235 739 ,-
1277 697 1342 733 secl
1371 704 1408 732 tu

211 748 379 792 delibera,
399 754 520 783 ulrum
549 747 701 795 colloqui
726 747 845 791 malis,
875 761 923 784 an
937 761 1005 797 per
1033 748 1175 785 litteras
1194 762 1312 798 agere,
1333 762 1407 797 quae

213 802 365 849 cogitas.
420 800 580 836 Necesse
599 807 654 836 est
673 801 777 844 enim,
793 801 828 836 si
842 801 881 836 z'n
900 808 1125 850 conspectum
1139 802 1292 846 veneris,
1308 814 1408 837 verze-

212 854 290 889 rarz'
307 860 340 888 te
369 865 488 901 regem
521 851 638 900 (quod
657 855 843 902 ητζοςκυνεῖν
864 851 921 888 illi
940 853 1108 901 vocant).
1164 852 1247 889 Hoc
1280 854 1315 889 si
1344 853 1408 889 tila

207 919 322 954 grave
341 912 406 949 est,
433 918 503 954 per
520 918 574 940 me
602 905 714 940 nihilo
740 906 859 941 secius
887 905 996 941 editis
1027 905 1211 941 mandatis
1230 905 1408 956 conficies,

160 962 183 993 4-
211 958 306 1006 quod
334 957 472 993 studes.
530 957 630 993 Tum
661 957 807 1001 Conon,
839 958 928 993 milii
959 970 1053 1001 vero,
1087 956 1219 1005 inquit,
1250 971 1322 993 non
1355 964 1408 993 est

206 1023 333 1058 grave,
353 1010 514 1058 quemvis
532 1009 698 1045 honorem
716 1009 844 1045 habere
863 1011 942 1058 regi
953 1024 966 1052 ;
986 1010 1051 1046 sed
1065 1022 1197 1054 vereor,
1209 1023 1253 1046 ne
1269 1011 1409 1045 civitati

210 1076 292 1098 meae
312 1063 362 1098 sit
382 1062 580 1111 opprobrio,
600 1063 646 1106 si,
665 1075 774 1110 quum
801 1075 844 1097 eoe
863 1075 905 1098 ea
923 1063 992 1098 sim
1006 1060 1204 1111 profectus,
1224 1075 1299 1110 quae
1320 1069 1408 1097 cete-

210 1116 264 1150 ris
278 1115 452 1164 gentibus
467 1115 641 1163 imperare
656 1115 890 1158 consueverit,
901 1115 1026 1163 potius
1042 1114 1286 1157 barbarorum,
1302 1127 1408 1162 quam

210 1167 322 1210 illius,
342 1180 435 1203 more
452 1165 613 1216 fungar.
669 1166 814 1214 Itaque,
834 1179 914 1214 quae
937 1165 1060 1216 [huic]
1083 1166 1246 1211 volebat,
1266 1166 1404 1214 scripta

209 1218 374 1254 tradidit.

162 1274 165 1277 ’
264 1271 333 1307 IV.
405 1270 553 1313 Quibus
588 1269 765 1319 cognitis,
795 1282 864 1306 rex
893 1277 1035 1306 tantum
1068 1269 1288 1306 auctoritate
1323 1271 1406 1319 ejus

242 1343 290 1368 394
367 1330 489 1359 motus
516 1329 586 1367 est,
608 1330 649 1358 ut
668 1330 705 1358 et
725 1322 1028 1371 Tissaphernem
1047 1322 1196 1359 hostem
1211 1322 1407 1372 judicave-

210 1383 234 1400 ἃ·
253 1376 283 1401 C·
305 1383 332 1400 ¹1·
368 1375 427 1419 rit,
457 1382 495 1411 et
515 1374 828 1411 Lacedaemonios
843 1375 944 1411 bello
972 1375 1151 1423 persequi
1179 1374 1349 1423 jusserit,
1371 1381 1407 1410 et

211 1426 246 1462 ei
259 1427 485 1476 permiserit,
498 1439 610 1474 quem
622 1427 752 1471 vellet,
766 1426 910 1475 eligere
928 1427 975 1462 ad
987 1426 1284 1475 dispensandam
1292 1439 1407 1475 pecu-

210 1478 323 1515 niam.
380 1479 424 1516 Id
438 1479 630 1515 arbitrium
647 1480 780 1516 Conon
795 1479 948 1527 negavit
968 1478 1027 1514 sui
1048 1491 1135 1515 esse
1159 1479 1322 1523 consilii,
1337 1478 1407 1515 sed

209 1531 342 1579 ipsius,
363 1532 425 1579 qui
445 1532 584 1580 optime
605 1544 695 1567 suos
714 1544 830 1567 nosse
852 1531 1030 1575 deberet3
1061 1531 1130 1567 sed
1158 1544 1201 1567 se
1231 1531 1406 1575 suadere,

157 1587 180 1620 2
211 1584 459 1620 Pharnabazo
487 1584 526 1620 id
553 1583 697 1632 negotii
726 1584 843 1620 daret.
900 1583 1168 1631 Hincmagnis
1188 1584 1405 1619 muneribus

211 1636 368 1672 donatus
390 1636 437 1672 ad
455 1648 559 1672 mare
584 1644 643 1672 est
660 1636 814 1679 missus,
833 1642 874 1671 ut
894 1635 1062 1683 Cypriis,
1083 1643 1121 1671 et
1144 1634 1405 1680 Phoenicibus,

211 1687 424 1735 ceterisque
443 1688 638 1724 maritimis
662 1687 878 1724 civitatibus
898 1700 1016 1723 naves
1036 1687 1169 1735 longas
1190 1686 1405 1735 imperaret,

211 1740 461 1787 classemque,
477 1752 550 1786 qua
567 1739 738 1787 proxima
757 1747 885 1775 aestate
905 1751 1007 1775 mare
1029 1739 1125 1774 tueri
1145 1746 1288 1787 posset,
1305 1751 1405 1775 com-

211 1798 381 1840 pararet:
413 1790 498 1827 dato
528 1791 695 1840 adjutore
720 1791 978 1835 Pharnabazo,
1000 1790 1201 1839 sicutipse
1221 1791 1403 1827 voluerat.

161 1847 180 1880 3
211 1844 255 1880 ld
274 1850 313 1879 ut
344 1842 647 1879 Lacedaemoniis
678 1850 736 1879 est
768 1842 988 1887 nuntiatum,
1008 1855 1084 1878 non
1112 1843 1195 1879 sine
1217 1855 1306 1878 cura
1325 1855 1404 1880 rem

212 1895 527 1939 administramnt,
557 1895 655 1942 quod
691 1896 813 1944 majus
849 1895 992 1931 bellum
1023 1895 1219 1931 imminere
1252 1895 1404 1931 arbitra-

210 1949 353 1991 bantur,
373 1959 483 1994 quam
502 1947 536 1983 si
557 1960 642 1983 cum
660 1948 816 1983 barbaro
837 1947 960 1983 solum
979 1947 1263 1983 contenderent.
1304 1947 1404 1983 Nam

212 2000 348 2036 ducem
376 1999 509 2035 fortem
535 1999 831 2048 prudentemque
851 1998 969 2048 regiis
990 1998 1124 2047 opibus
1153 1999 1404 2047 praefutumm‚

212 2064 256 2088 ac
277 2064 409 2087 secum
441 2051 703 2087 dimicaturum
720 2051 910 2096 videbant,
940 2063 1052 2099 quem
1083 2063 1207 2098 neque
1229 2051 1404 2096 consilio,

163 2107 181 2140 4
210 2116 332 2151 neque
367 2103 490 2152 copiis
521 2116 700 2152 superare
734 2111 904 2152 possent.
961 2103 1047 2139 Hac
1075 2110 1201 2139 mente
1229 2115 1404 2151 magnam

242 2176 290 2200 334
368 2155 591 2191 contrahunt
600 2156 764 2191 classem
775 2170 783 2200 ;
797 2155 1087 2204 proficiscuntur
1097 2154 1283 2191 Pisandro
1293 2155 1403 2191 duce.

210 2215 236 2233 ⁶-
253 2209 284 2233 C·
302 2215 328 2233 ¹1·
370 2207 454 2243 Hos
479 2207 613 2244 Conon
633 2207 732 2256 apud
761 2207 926 2244 Cnidum
945 2207 1095 2243 adortus
1114 2219 1252 2255 magno
1271 2206 1404 2256 proelio

212 2258 325 2307 fugat,
358 2260 493 2295 multas
522 2272 640 2295 naves
675 2259 787 2308 capit,
821 2259 1034 2308 complures
1065 2259 1252 2307 deprimit.
1319 2259 1403 2301 Qua

214 2311 369 2347 victoria
399 2324 475 2347 non
509 2312 630 2347 solum
662 2311 834 2356 Athenae,
872 2312 941 2347 sed
980 2311 1095 2347 etiam
1128 2318 1262 2347 cuncta
1302 2310 1402 2347 Grae-

213 2363 284 2407 cia,
304 2376 385 2410 quse
405 2364 473 2399 sub
503 2363 877 2400 Lacedaemoniorum
904 2363 1026 2399 fuerat
1052 2363 1224 2411 irnperio,
1246 2363 1403 2398 liberata

166 2417 186 2451 5
214 2421 284 2450 est.
342 2415 476 2451 Conon
497 2428 583 2451 cum
610 2423 715 2464 parte
735 2416 887 2451 navium
907 2416 946 2451 in
965 2415 1125 2464 patriam
1143 2414 1259 2458 venit,
1278 2425 1404 2450 muros

213 2466 354 2503 dirutos
375 2480 397 2502 a
426 2467 637 2515 Lysandro,
658 2475 836 2515 utrosque
867 2475 904 2503 et
934 2467 1070 2504 Piraeei
1093 2474 1130 2502 et
1160 2466 1404 2509 Athenarum,
