1651 2790
439 244 596 286 XVIII.
662 251 810 293 12,13.
874 245 1130 299 (Eumenes.)
1335 250 1388 286 79

183 347 349 396 colloqui
381 347 648 397 consolarique
677 354 863 396 cuperent
879 360 890 393 3
922 348 1032 384 multi
1061 349 1188 392 etiam,
1210 349 1275 397 qui
1304 349 1389 398 ejus

184 398 344 436 formam
370 412 601 449 cognoscere
622 400 834 445 studebant,
865 399 991 448 qualis
1020 407 1132 444 esset,
1160 413 1273 449 quem
1294 407 1386 437 tain-

183 452 248 488 diu
276 458 430 501 tamque
452 452 561 489 valde
581 453 807 497 timuissent,
829 453 943 501 cujus
971 453 1010 488 in
1031 453 1200 501 pernicie
1231 454 1388 501 positam

182 517 289 553 spem
309 504 529 541 habuissent
551 506 732 542 victoriae.
791 505 846 541 At
875 504 1083 549 Eumenes,
1105 517 1225 553 quum
1246 505 1388 541 diutius

182 557 222 593 in
241 557 409 594 vinculis
436 565 546 602 esset,
570 558 622 594 ait
655 557 911 602 Onomarcho,
947 569 1063 605 penes
1096 569 1209 606 quem
1240 569 1388 593 summa

183 609 334 658 imperii
353 615 435 646 erat
451 610 645 655 custodite,
661 623 700 646 se
722 610 865 654 mirari,
881 622 1000 658 quare
1017 609 1098 658 jam
1120 610 1273 646 tertium
1287 609 1385 645 diem

182 662 238 698 sic
271 667 490 698 teneretur:
520 674 594 698 non
625 663 726 699 enim
762 662 832 699 hoc
852 662 1057 699 convenire
1086 662 1272 711 Antigoni
1301 674 1386 710 pru-

182 713 332 758 dentiae,
355 721 396 750 ut
425 715 481 751 sic
509 714 733 751 deuteretur
753 715 880 761 victo,
913 715 1005 763 quin
1026 721 1092 751 aut
1126 714 1301 759 interfici,
1324 721 1388 750 aut

183 767 341 802 missum
371 767 454 802 fieri
481 767 646 816 juberet.
705 767 781 803 Hic
810 779 928 815 quum
960 766 1125 803 ferocius
1145 765 1387 803 Onomarcho

181 818 286 867 loqui
305 818 509 863 videretur,
531 821 618 867 quid
632 821 651 855 ‚2
681 825 730 863 tu,
751 820 885 868 inquit,
915 820 1035 855 animo
1053 820 1089 855 Si
1115 820 1183 855 isto
1204 831 1300 863 eras,
1322 831 1388 855 cur

180 883 252 907 non
270 883 310 906 m
331 871 462 917 proelz'o
481 873 645 908 cecidisti
666 873 802 918 potius,
823 884 930 920 quam
959 872 997 907 in
1019 877 1230 918 potestatem
1251 873 1389 908 inimici

180 925 325 960 venires
341 924 360 958 ?
390 922 496 959 Huic
517 923 724 968 Eumenes,
739 926 878 960 utinam
898 925 1042 972 quidem
1061 925 1161 961 istud
1180 926 1357 961 evenisset
1370 924 1388 959 !

179 977 246 1013 sed
266 987 306 1012 eo
324 987 397 1011 non
416 977 562 1021 accidit,
583 978 678 1025 quod
705 989 901 1025 numquam
928 989 1009 1013 cum
1024 975 1187 1026 fortiore
1206 989 1286 1012 sum
1306 988 1387 1012 con-

177 1040 344 1077 gressus.
403 1026 490 1064 Non
511 1031 605 1065 enim
634 1042 714 1065 cum
747 1041 924 1077 quoquam
943 1042 1045 1065 arma
1079 1030 1225 1073 contuli,
1247 1031 1334 1077 quin
1353 1030 1388 1065 is

179 1080 268 1117 milti
285 1080 531 1117 succubuerit.
621 1080 678 1118 ‘⁷071
698 1083 791 1118 enim
810 1083 943 1118 virtute
972 1082 1137 1125 hostium,
1167 1082 1233 1118 sed
1255 1083 1385 1117 amico-

179 1145 262 1170 rum
275 1132 434 1183 perfidia
455 1134 588 1170 decidi.
649 1134 807 1183 [Neque
836 1134 872 1170 id
904 1133 1057 1170 falsum.
1113 1134 1216 1170 Nam
1237 1140 1274 1170 et
1306 1133 1385 1184 dig-

179 1186 297 1222 nitate
319 1184 389 1221 fuit
409 1185 578 1231 honesta,
600 1194 635 1223 et
656 1187 803 1223 viribus
824 1186 870 1222 ad
899 1186 1069 1222 laborem
1101 1185 1299 1223 ferendum
1324 1187 1384 1222 fir-

181 1238 264 1282 mis,
286 1249 410 1286 neque
431 1244 507 1274 tam
529 1251 668 1288 magno
688 1251 857 1288 corpore,
878 1251 995 1287 quam
1016 1239 1143 1288 figura
1163 1239 1358 1288 venusta]

236 1289 323 1326 XII.
354 1288 413 1326 De
434 1290 505 1327 hoc
526 1291 745 1341 Antigonus
778 1303 897 1340 quum
929 1291 1033 1327 solus
1061 1291 1291 1328 constituere
1311 1303 1384 1327 non

182 1341 352 1386 auderet,
368 1341 414 1378 ad
435 1343 638 1379 consilium
660 1344 804 1380 retulit.
861 1343 937 1379 Hic
957 1356 1076 1391 quum
1098 1344 1220 1393 primo
1241 1350 1385 1392 pertur-

182 1393 260 1430 bati
281 1393 573 1440 admirarentur,
595 1408 669 1432 non
685 1396 766 1445 jam
786 1395 832 1432 de
849 1408 892 1431 eo
911 1402 1081 1432 sumtum
1102 1409 1184 1432 esse
1204 1396 1384 1445 supplici-

183 1458 261 1490 um,
284 1459 306 1482 a
325 1458 400 1493 quo
420 1452 472 1482 tot
492 1459 609 1483 annos
630 1447 722 1484 adeo
742 1455 868 1484 essent
888 1448 988 1484 male
1007 1448 1135 1492 habiti,
1159 1454 1200 1484 ut
1219 1461 1318 1496 saepe
1339 1461 1360 1484 a

181 1497 484 1547 desperationem
517 1498 638 1535 forent
672 1499 849 1546 adducti3
881 1500 1024 1548 quique
1054 1500 1240 1536 maximos
1268 1499 1386 1536 duces

181 1549 463 1596 interfecisset3
508 1550 672 1599 denique
711 1552 750 1587 in
787 1564 861 1600 quo
895 1564 970 1587 uno
1003 1558 1102 1588 esset
1138 1558 1298 1596 tantum,
1333 1559 1384 1597 ut,

181 1602 305 1650 quoad
326 1602 390 1638 ille
411 1603 568 1646 viveret,
591 1604 662 1652 ipsi
682 1605 810 1640 securi
830 1616 912 1640 esse
933 1615 1008 1639 non
1028 1610 1188 1652 possent,
1210 1603 1384 1640 interfec-

181 1661 229 1699 to,
243 1655 338 1691 nihil
358 1654 524 1691 habituri
540 1656 680 1704 negotii
693 1663 840 1692 essent:
871 1663 1069 1705 postremo,
1086 1656 1118 1692 si
1137 1656 1194 1692 illi
1215 1655 1386 1693 redderet

181 1707 357 1752 salutem,
379 1707 612 1756 quaerebant,
634 1708 773 1757 quibus
807 1709 941 1744 amicis
970 1714 1068 1744 esset
1102 1708 1272 1745 usurus?
1303 1721 1386 1745 sese

181 1759 285 1796 enim
304 1772 394 1796 cum
415 1760 592 1797 Eumene
621 1760 719 1809 apud
749 1773 839 1797 eum
859 1773 934 1797 non
968 1760 1129 1797 futuros.
1186 1760 1276 1805 Hic,
1298 1773 1384 1810 cog-

181 1812 262 1848 nita
281 1813 432 1849 consilii
460 1812 667 1857 voluntate,
689 1820 818 1849 tamen
839 1825 962 1862 usque
987 1813 1033 1849 ad
1061 1813 1265 1862 septimum
1285 1813 1386 1850 diem

182 1863 422 1901 deliberandi
451 1865 522 1902 sibi
551 1866 716 1914 spatium
746 1865 913 1914 reliquit.
972 1865 1077 1901 Tum
1103 1872 1245 1910 autem,
1266 1878 1387 1914 quum

181 1916 261 1967 jam
280 1924 492 1962 vereretur,
513 1930 561 1953 ne
595 1930 674 1966 qua
691 1918 828 1954 seditio
856 1918 1050 1954 exercitus
1068 1918 1246 1962 oriretur,
1268 1918 1388 1954 vetuit

182 1968 231 2005 ad
251 1981 341 2005 eum
360 1982 593 2018 quemquam
608 1969 765 2015 admitti,
781 1977 817 2007 et
835 1970 1100 2019 quotidianum
1121 1971 1266 2007 victum
1287 1983 1386 2006 amo-

183 2021 266 2057 veri
294 2021 421 2070 jussit.
480 2021 585 2058 Nam
618 2023 795 2071 negabat,
826 2036 866 2059 se
901 2023 937 2059 ei
966 2023 1044 2058 vim
1079 2021 1300 2067 allaturum,
1322 2022 1387 2070 qui

184 2072 388 2121 aliquando
420 2075 553 2111 fmsset
587 2075 752 2111 amicus.
827 2074 905 2111 Hic
943 2081 1071 2111 tamen
1101 2087 1176 2111 non
1211 2074 1386 2124 amplius,

184 2137 302 2173 quam
321 2125 503 2171 triduum,
519 2126 618 2163 fame
639 2125 832 2176 fatigatus,
846 2139 968 2176 quum
987 2133 1114 2163 castra
1129 2133 1386 2171 moverentur,

185 2177 371 2213 2nsciente
391 2178 596 2227 Antigono,
613 2178 817 2228 jugulatus
837 2186 894 2215 est
914 2192 935 2215 a
955 2178 1189 2215 custodibus.

240 2228 346 2265 XIII.
374 2229 441 2266 Sic
461 2230 658 2266 Eumenes
678 2243 864 2267 annorum
877 2231 1045 2279 quinque
1066 2237 1103 2266 et
1121 2230 1387 2279 quadraginta,

185 2292 304 2329 quum
332 2281 379 2316 ab
408 2293 508 2318 anno
537 2282 731 2327 vicesimo,
762 2289 803 2319 ut
831 2295 948 2331 supra
975 2282 1216 2326 ostendimus,
1247 2290 1390 2331 septem

187 2345 307 2369 annos
334 2332 506 2382 Philippo
527 2335 777 2382 apparuisset,
805 2341 842 2371 et
875 2334 1060 2371 tredecim
1081 2333 1180 2383 apud
1215 2334 1385 2370 Alexan-

186 2384 299 2421 drum
319 2385 496 2422 eumdem
515 2385 643 2422 locum
662 2386 895 2430 obtinuisset,
917 2387 956 2422 in
985 2387 1044 2422 his
1072 2398 1192 2421 unum
1218 2387 1391 2435 equitum

188 2436 259 2473 alae
289 2436 513 2486 praefuisset,
545 2443 625 2486 post
659 2444 787 2474 autem
818 2437 1032 2474 Alexandri
1066 2437 1200 2487 Magni
1233 2445 1392 2475 mortem

189 2489 393 2539 imperator
411 2490 606 2526 exercitus
625 2489 806 2535 duxisset,
828 2502 1072 2538 summosque
1104 2489 1223 2527 duces
1253 2491 1391 2541 partim

1416 926 1439 959 ΕΠ
