1651 2790
228 358 241 392 ἰ

221 880 242 914 00

280 261 333 299 38
713 258 789 299 IX.
852 260 1044 311 (Conon.)

327 356 402 393 III.
459 356 547 393 Hoc
561 356 711 405 dejecto
726 356 938 393 Pausanias
958 357 1063 393 venit
1083 356 1221 393 Atticis
1242 357 1396 402 auxilio,
1409 367 1473 396 rex

276 408 664 445 Lacedaemoniorum.
721 409 760 445 Is
795 409 892 445 inter
922 408 1206 457 Thrasybulum
1234 416 1272 445 et
1305 422 1386 454 eos,
1414 409 1475 457 qui

274 461 405 497 urbem
423 462 615 505 tenebant,
642 461 734 497 fecit
752 474 889 509 pacem
920 461 982 497 his
1004 462 1306 498 conditionibus:
1337 474 1386 498 ne
1413 461 1476 509 qui

273 520 408 561 praeter
436 513 591 562 triginta
609 521 790 561 tyrannos
812 520 849 549 et
879 513 1028 558 decem,
1048 514 1111 561 qui
1140 520 1276 562 postea
1296 521 1475 562 praetores

274 565 393 601 creati
413 565 622 613 superioris
642 577 746 601 more
767 565 1002 602 crudelitatis
1023 573 1130 602 erant
1148 565 1221 610 usi,
1238 566 1477 602 afficerentur

273 616 435 661 exsili03
464 630 562 653 neve
582 618 681 653 bona
695 617 1000 666 publicarentur3
1029 618 1248 666 reipublicae
1261 618 1476 666 procuratio

273 669 412 717 populo
431 669 663 706 redderetur.
721 670 951 706 Praeclarum
969 670 1042 706 hoc
1063 682 1208 717 quoque
1230 669 1475 718 Thrasybuli,

313 743 361 766 403
430 721 540 769 quod,
560 721 808 758 reconciliata
835 735 944 770 pace,
964 735 1075 769 quum
1095 722 1297 770 plurimum
1324 722 1363 758 in
1385 722 1476 758 civi-

271 782 289 799 a
315 775 347 800 C‘
366 783 393 800 ¹¹·
430 782 504 810 tate
537 781 682 822 posset,
703 774 831 822 legem
862 774 968 810 tulit:
1013 787 1061 810 ne
1095 774 1179 822 quis
1201 781 1286 810 ante
1308 782 1476 810 actarum

271 838 396 862 rerum
427 834 683 871 accusaretur,
703 839 801 862 neve
834 827 1075 871 multaretur3
1112 839 1269 874 eamque
1303 827 1360 862 illi
1381 827 1475 863 obli-

271 878 395 914 vionis
417 879 664 927 appellarunt.
722 878 858 925 Neque
879 891 969 915 vero
997 878 1096 915 hanc
1116 886 1259 914 tantum
1279 878 1474 915 serendam

273 931 428 975 curavit,
449 931 520 967 sed
548 931 673 975 etiam,
694 937 732 966 ut
760 931 915 975 valeret,
946 931 1087 967 effecit.
1144 931 1244 966 Nam
1264 943 1376 978 quum
1395 932 1474 978 qui-

271 983 358 1018 dam
378 995 426 1019 ex
446 982 520 1028 his,
540 983 602 1030 qui
625 983 737 1019 simul
759 996 845 1019 cum
865 995 911 1019 eo
931 983 970 1019 in
990 984 1127 1020 exsilio
1149 983 1307 1028 sufflant,
1329 983 1474 1020 caedem

271 1035 398 1071 facere
420 1048 549 1071 eorum
564 1036 720 1080 vellent,
735 1048 820 1071 cum
839 1036 972 1083 quibus
993 1036 1033 1072 in
1049 1035 1208 1084 gratiam
1221 1036 1381 1072 reditum
1394 1043 1474 1072 erat

270 1087 434 1136 publice,
454 1087 656 1136 prohibuit,
677 1094 714 1123 et
733 1088 784 1133 id,
804 1088 902 1135 quod
922 1088 1114 1136 pollicitus
1136 1095 1227 1133 erat,
1247 1088 1431 1136 praestitit.

325 1140 394 1176 IV.
452 1140 554 1176 Huic
575 1152 642 1189 pro
663 1141 776 1176 tantis
795 1140 941 1176 meritis
962 1140 1116 1176 honoris
1138 1153 1277 1177 corona
1294 1153 1315 1176 a
1334 1141 1473 1189 populo

271 1192 356 1229 data
387 1200 456 1238 est,
487 1192 586 1230 facta
616 1192 760 1229 duabus
797 1193 955 1242 virgulis
990 1193 1192 1243 oloaginis,
1230 1206 1341 1241 quam
1373 1193 1473 1241 quod

273 1258 376 1281 amor
389 1245 542 1290 civium,
556 1258 631 1282 non
643 1246 700 1281 vis
715 1253 969 1295 expresserat,
979 1247 1121 1283 nullam
1132 1246 1262 1283 habuit
1277 1246 1471 1292 invidiam,

270 1310 480 1346 magnaque
515 1298 584 1334 fuit
616 1298 748 1346 gloria.
822 1298 930 1334 Bene
966 1311 1057 1347 ergo
1092 1299 1271 1340 Pittacus
1295 1298 1375 1343 ille,
1408 1299 1472 1346 qui

271 1357 418 1398 septem
438 1351 652 1399 sapientum
670 1363 826 1386 numero
847 1358 906 1386 est
935 1350 1098 1394 habitus,
1118 1364 1230 1398 quum
1251 1351 1287 1387 ei
1317 1351 1472 1399 Mytile-

270 1402 343 1438 naei
372 1403 488 1438 multa
521 1403 626 1439 milia
655 1403 831 1451 jugerum
861 1403 941 1451 agri
973 1416 1131 1439 munera
1159 1403 1303 1448 darent,
1332 1403 1471 1448 Nolite,

271 1468 331 1490 oro
351 1468 426 1499 vos,
446 1455 576 1502 inquit,
597 1455 636 1491 id
654 1456 741 1491 milae·
760 1455 858 1499 dare,
878 1455 973 1503 quod
999 1456 1104 1491 multi
1131 1456 1329 1500 invideant,
1344 1455 1473 1505 plures

271 1508 378 1543 eciam
408 1509 673 1556 concupiscant.
736 1507 856 1549 Quare
885 1521 927 1543 em
957 1509 1042 1544 istis
1070 1508 1150 1544 nolo
1178 1508 1345 1557 amplius,
1365 1521 1472 1556 quam

271 1566 410 1595 centum
433 1560 582 1608 jugera,
602 1573 677 1608 qzcae
699 1567 732 1595 et
766 1573 879 1595 meam
899 1561 1011 1596 animi
1030 1562 1232 1608 (equitatem
1261 1567 1296 1596 et
1314 1567 1472 1596 vestram

271 1612 490 1648 voluntatem
520 1612 689 1648 indicent.
747 1612 848 1647 Nam
868 1624 984 1660 parva
1002 1624 1159 1648 munera
1192 1612 1347 1656 diutina,
1367 1612 1471 1648 locu-

270 1663 387 1712 pletia
404 1676 481 1700 non
499 1664 651 1712 propria
671 1676 759 1699 esse
775 1670 1065 1700 consueverunt.
1107 1664 1180 1700 Illa
1198 1664 1312 1711 igitur
1331 1675 1472 1700 corona

271 1722 470 1751 contentus
500 1715 763 1763 Thrasybulus
783 1728 906 1762 neque
928 1715 1089 1763 amplius
1110 1715 1318 1762 requisivit,
1346 1728 1470 1763 neque

270 1779 493 1814 quemquam
525 1766 668 1803 honore
705 1780 747 1803 se
779 1767 1040 1803 antecessisse
1076 1767 1320 1803 existimavit.
1391 1768 1470 1804 Hic

271 1818 445 1866 sequenti
479 1826 660 1867 tempore,
689 1831 803 1866 quum
839 1826 973 1867 praetor
1008 1819 1175 1855 classem
1209 1819 1256 1855 ad
1291 1819 1470 1857 Ciliciam

271 1870 493 1919 appulisset,
508 1883 632 1917 neque
653 1871 746 1907 satis
768 1871 972 1919 diligenter
991 1871 1030 1907 in
1051 1871 1187 1907 castris
1209 1872 1291 1920 ejus
1313 1883 1470 1920 ageren-

302 1942 352 1967 390
427 1929 486 1958 tur
503 1922 656 1971 vigiliae,
678 1935 700 1958 a
717 1923 898 1967 barbaris,
916 1935 964 1959 ex
980 1923 1119 1971 oppido
1139 1930 1254 1960 noctu
1273 1923 1470 1973 eruptione

270 1982 296 2001 Β·
313 1974 346 2000 ⁰·
362 1981 390 2000 ¹²·
427 1973 539 2019 facta,
559 1975 599 2011 in
618 1975 860 2011 tabernaculo
880 1975 1102 2012 interfectus
1124 1982 1195 2012 est.

617 2187 1101 2250 IxsooNoN

664 2357 1076 2396 ARGUMENTUM.

276 2443 403 2482 CAP.
433 2445 467 2482 I.
522 2445 789 2495 Peloponnesio
809 2446 898 2482 bello
919 2446 1003 2482 bene
1022 2453 1178 2483 meretur
1196 2447 1238 2483 de
1256 2445 1369 2496 repbl.
1410 2444 1457 2483 II

329 2497 449 2534 Exsul
476 2497 612 2534 Persis
631 2499 716 2534 usui
744 2505 799 2534 est
827 2499 1004 2534 adversus
1023 2498 1329 2534 Lacedaemonios.
1392 2497 1459 2534 HJ
