1685 2790
478 599 1034 653 PRAEFATIO.

543 873 957 913 ARGUMENTUM.

147 984 291 1022 Auctor
307 986 495 1034 scripturae
509 999 641 1036 genus,
663 999 731 1036 quo
750 1000 842 1025 usus
861 995 926 1034 est,
947 995 981 1026 et
998 1002 1133 1036 rerum,
1155 1003 1248 1040 quas
1264 1003 1349 1040 per-

197 1053 345 1084 secutus
364 1053 428 1092 est,
450 1048 629 1086 levitatem
654 1056 802 1086 excusat
823 1063 962 1087 morum
985 1050 1196 1089 Graecorum
1220 1058 1254 1089 et
1272 1052 1348 1089 Ro.

198 1111 385 1136 manorum
404 1101 628 1138 diversitate.

199 1211 229 1248 I.
262 1212 357 1250 NON
379 1213 519 1259 dubito,
543 1213 621 1251 fore
646 1215 860 1264 plerosque,
884 1216 1026 1261 Attice,
1048 1216 1115 1265 qui
1135 1216 1206 1253 hoc
1225 1229 1351 1267 genus
1380 1220 1397 1255 1

147 1281 345 1330 soripturae
365 1282 450 1319 leve
470 1290 507 1320 et
526 1296 601 1320 non
626 1285 716 1321 satis
737 1284 896 1334 dignum
921 1298 1159 1322 summorum
1179 1287 1351 1324 virorum

147 1351 316 1399 personis
336 1352 522 1400 judicent,
544 1366 664 1402 quum
691 1354 855 1391 relatum
879 1355 1021 1405 legent,
1047 1356 1133 1404 quis
1160 1356 1349 1393 musicum

148 1419 320 1457 docuerit
339 1421 671 1470 Epaminondam3
703 1430 768 1460 aut
790 1424 829 1460 in
853 1424 885 1473 ej
894 1437 938 1461 us
958 1425 1164 1462 virtutibus
1184 1439 1350 1463 comme-

144 1488 294 1533 morari,
316 1488 480 1525 saltasse
512 1501 599 1525 eum
629 1489 827 1526 commode
857 1490 1100 1538 scienterque
1129 1489 1234 1525 tibiis
1261 1501 1350 1524 can-

145 1564 261 1593 tasse.
334 1557 414 1594 Sed
450 1557 492 1594 hj
532 1565 641 1594 erunt
678 1558 771 1603 fere,
809 1558 885 1606 qui,
924 1565 1102 1607 expertes
1141 1558 1350 1595 litterarum
1378 1561 1400 1593 2

148 1627 378 1672 Graecarum,
411 1627 509 1664 nihil
541 1634 700 1672 rectum,
733 1627 811 1664 nisi
844 1627 943 1675 quod
980 1627 1151 1675 ipsorum
1182 1626 1350 1663 moribus

146 1697 362 1742 conveniat,
382 1698 577 1746 putabunt.
613 1697 668 1734 Hi
688 1697 722 1733 si
744 1697 959 1742 didicerint,
978 1709 1055 1733 non
1076 1697 1212 1733 eadem
1232 1696 1351 1732 omni·
1380 1699 1400 1732 3

144 1767 213 1803 bus
234 1779 322 1803 esse
342 1766 506 1803 honesta
527 1773 637 1815 atque
653 1766 789 1815 turpia,
806 1766 877 1803 sed
896 1766 1023 1802 omnia
1041 1766 1225 1815 majorum
1245 1765 1352 1801 insti-

145 1836 235 1873 tutis
251 1835 430 1886 judicari,
449 1848 527 1872 non
547 1835 840 1881 admirabuntur,
859 1848 931 1872 nos
954 1834 995 1871 in
1018 1835 1219 1872 Graiorum
1238 1834 1352 1871 virtu-

144 1906 244 1942 tibus
275 1905 514 1955 exponendis
542 1918 670 1942 mores
700 1917 831 1942 eorum
859 1911 1028 1942 secutos.
1084 1904 1223 1952 Neque
1249 1904 1352 1940 enim
1380 1907 1401 1941 4

147 1974 299 2012 Cimoni
327 1974 398 2011 fuit
424 1981 547 2024 turpe,
571 1974 869 2011 Atheniensium
897 1987 1043 2011 summo
1066 1974 1162 2019 viro,
1182 1986 1353 2010 sororem

145 2057 364 2093 germanam
389 2043 534 2081 habere
563 2044 604 2080 in
630 2043 893 2080 matrimonio:
933 2044 1072 2092 quippe
1102 2056 1216 2091 quum
1245 2043 1351 2080 cives

146 2115 230 2163 ejus
262 2113 399 2150 eodem
426 2120 622 2150 uterentur
647 2112 832 2150 instituto.
888 2114 938 2149 At
966 2113 1005 2149 id
1031 2112 1186 2161 quidem
1209 2112 1352 2148 nostris

146 2182 312 2220 moribus
326 2183 437 2220 nefas
456 2183 630 2220 habetur.
659 2183 816 2232 Magnis
833 2183 873 2220 in
891 2183 1067 2220 laudibus
1082 2187 1161 2219 tota
1179 2182 1260 2218 fere
1281 2181 1352 2218 fuit
1381 2185 1403 2218 5

150 2252 312 2297 Graeci5,
331 2252 519 2289 victorem
539 2252 729 2302 Olympiae
750 2253 883 2298 citari3
913 2252 953 2289 in
974 2265 1132 2289 scenam
1150 2263 1242 2288 vero
1267 2263 1353 2300 pro-

148 2321 230 2358 dire
252 2328 290 2358 et
311 2322 452 2370 populo
473 2335 561 2358 esse
583 2323 818 2371 spectaculo,
836 2322 983 2359 nemini
1003 2322 1042 2358 in
1063 2321 1212 2358 eisdem
1231 2321 1352 2370 genti-

146 2392 218 2430 bus
255 2391 325 2429 suit
359 2390 594 2440 turpitudini.
671 2392 765 2434 Quae
804 2392 933 2428 omnia
971 2391 1070 2439 apud
1106 2403 1178 2427 nos
1216 2391 1352 2440 partim
