1651 2790
193 229 248 267 86
463 225 582 267 XXI.
642 231 681 274 2,
703 231 741 266 3.
806 224 888 279 (De
909 224 1124 278 Regibus.)

243 327 293 365 II.
323 327 386 365 Ex
407 327 664 365 Macedonum
687 335 815 365 autem
842 340 986 377 genere
1007 327 1081 364 duo
1110 327 1230 364 multo
1250 333 1394 365 cete1os

191 388 479 417 antecesserunt
493 393 623 418 rerum
639 388 834 430 gestarum
847 381 988 429 gloria:
1018 380 1230 429 Philippus,
1246 381 1394 429 Amyn-

190 440 238 469 tae
257 433 371 478 filius,
394 440 431 470 et
451 433 675 470 Alexander
694 433 874 481 Magnus.
917 433 1065 469 Horum
1082 433 1178 469 alter
1197 432 1393 481 Babylone

190 486 321 522 morbo
359 493 582 522 consumtus
620 493 701 532 est,
748 485 946 535 Philippus
981 485 1092 534 AEgis
1129 497 1152 521 a
1189 484 1393 530 Pausania,

190 550 310 586 quum
329 545 542 587 spectatum
562 538 672 576 ludos
692 539 775 583 iret,
801 538 913 586 juxta
942 537 1134 574 theatrum
1153 538 1304 574 occisus
1324 544 1392 574 est.

191 590 301 627 Unus
317 590 504 640 Epirotes,
528 591 713 640 Pyrrhus,
730 591 795 639 qui
816 603 904 627 cum
925 590 1062 639 populo
1084 589 1256 626 Romano
1278 590 1393 626 bella-

189 644 255 679 vit.
314 643 350 679 Is
377 656 498 692 quum
519 644 647 693 Argos
675 643 853 692 oppidum
874 648 1110 691 oppugnaret
1143 642 1182 677 in
1213 641 1394 690 Pelopon-

189 707 291 740 neso,
325 695 450 744 lapide
471 697 572 733 ictus
601 697 756 732 interiit.
818 695 929 732 Unus
949 695 1039 730 item
1059 694 1228 738 Siculus,
1250 693 1394 742 Diony—

188 749 268 784 sius
284 749 398 797 prior.
455 748 560 785 Nam
576 756 612 785 et
632 761 748 784 manu
770 747 886 792 fortis,
909 753 945 783 et
966 747 1056 783 belli
1077 747 1222 795 peritus
1242 746 1324 791 fuit,
1345 754 1393 792 et,

189 801 223 836 id
245 801 344 849 quod
364 801 403 836 in
431 808 595 849 tyranno
615 813 689 837 non
720 800 833 837 facile
863 800 1061 849 reperitur,
1084 799 1240 835 minime
1273 799 1394 835 lihidi-

188 865 314 897 nosus,
335 866 410 890 non
445 854 680 897 luxuriosus,
702 865 776 890 nou
807 865 959 896 avarus,
981 852 1127 888 nullius
1155 851 1319 900 denique
1340 853 1396 888 rei

187 905 362 954 cupidus,
384 907 458 942 nisi
486 907 693 955 singularis
713 905 962 955 perpetuique
983 904 1144 953 imperii,
1166 904 1212 940 ob
1232 917 1394 952 eamque

190 970 270 993 rem
303 958 484 995 crudelis.
542 959 645 995 Nam
680 959 770 994 dum
804 958 839 993 id
875 957 1020 993 studuit
1053 957 1216 1001 munire,
1249 957 1394 993 nullius

136 1034 144 1045 ff
190 1010 357 1058 pepercit
387 1012 486 1055 vitae,
521 1024 636 1060 quem
670 1011 754 1059 ejus
794 1010 1052 1046 insidiatorem
1083 1015 1245 1058 putaret.
1318 1009 1394 1045 Hic

189 1075 309 1110 quum
327 1063 466 1100 virtute
486 1063 729 1112 tyrannidem
750 1063 821 1099 sibi
843 1062 1061 1111 peperisset,
1077 1073 1218 1110 magna
1238 1062 1394 1098 retinuit

189 1114 383 1159 felicitate,
406 1116 604 1164 majorque
625 1128 743 1152 annos
775 1116 977 1164 sexaginta
1004 1121 1118 1150 natus
1147 1113 1311 1150 decessit
1330 1114 1392 1150 flo-

189 1174 294 1204 rente
325 1179 455 1217 regno.
511 1168 651 1217 Neque
681 1169 720 1204 in
751 1174 828 1204 tam
863 1167 992 1203 multis
1024 1166 1134 1202 annis
1163 1166 1392 1215 cujusquam

188 1232 235 1255 ex
255 1232 326 1256 sua
346 1221 459 1270 stirpe
488 1220 604 1257 funus
625 1221 729 1265 vidit,
751 1232 869 1268 quum
891 1232 938 1255 ex
958 1219 1079 1255 tribus
1100 1219 1282 1255 uxoribus
1302 1219 1390 1255 libe-

189 1284 250 1308 ros
270 1279 519 1320 procreasset,
541 1273 730 1322 multique
752 1273 787 1309 ei
806 1272 885 1308 nati
907 1279 1032 1307 essent
1053 1277 1220 1319 nepotes.

241 1323 309 1361 ΙΙΙ.
342 1324 518 1361 Fuerunt
539 1332 724 1374 praeterea
740 1325 852 1361 multi
873 1336 982 1373 reges
1003 1335 1048 1359 ex
1065 1323 1199 1359 amicis
1220 1323 1391 1359 Alexan-

189 1376 246 1412 dri
282 1376 426 1425 Magni,
447 1378 513 1426 qui
548 1384 628 1427 post
660 1378 804 1414 obitum
833 1377 916 1425 ejus
936 1376 1095 1425 imperia
1115 1382 1324 1425 ceperunt:
1354 1375 1393 1411 in

188 1429 246 1465 his
268 1430 500 1479 Antigonus,
523 1438 560 1467 et
588 1430 704 1479 hujus
732 1430 836 1466 filius
865 1428 1098 1471 Demetrius,
1121 1427 1392 1475 Lysimachus,

187 1482 390 1525 Seleucus,
426 1481 665 1519 Ptolemaeus.
734 1482 796 1518 Ex
830 1482 888 1518 his
924 1481 1143 1529 Antigonus
1173 1481 1211 1515 in
1246 1480 1390 1529 proelio,

188 1547 308 1582 quum
343 1533 527 1571 adversus
557 1535 767 1572 Seleucum
796 1533 1154 1582 Lysimachumque
1182 1532 1393 1577 dimicaret,

187 1588 338 1624 occisus
373 1594 441 1623 est.
500 1587 587 1624 Pari
621 1588 695 1624 leto
715 1586 877 1623 affectus
897 1593 953 1622 est
986 1584 1247 1633 Lysimachus
1275 1598 1298 1621 a
1328 1585 1393 1621 Se-

188 1640 311 1676 leuco.
370 1640 486 1684 Nam,
507 1641 687 1677 societate
722 1639 916 1682 dissoluta,
939 1638 1082 1674 bellum
1112 1638 1211 1673 inter
1239 1650 1279 1673 se
1309 1650 1392 1686 ges-

188 1700 331 1729 serunt.
390 1694 444 1729 At
472 1692 704 1737 Demetrius,
726 1704 846 1740 quum
875 1691 994 1727 filiam
1023 1702 1133 1725 suam
1162 1689 1327 1725 Seleuco
1353 1690 1393 1725 in

188 1745 472 1781 matrimonium
503 1745 676 1789 dedisset,
706 1756 831 1792 neque
863 1756 907 1780 eo
938 1742 1061 1791 magis
1092 1741 1168 1777 fida
1199 1741 1296 1777 inter
1330 1754 1393 1778 eos

189 1797 359 1833 amicitia
379 1809 535 1833 manere
557 1797 750 1846 potuisset,
780 1802 915 1843 captus
943 1794 1053 1837 bello,
1086 1794 1125 1829 in
1145 1793 1317 1830 custodia
1336 1807 1391 1830 so-

189 1861 255 1884 cer
282 1850 415 1897 generi
446 1849 557 1897 periit
586 1862 608 1885 a
628 1849 770 1884 morbo.
828 1847 966 1895 Neque
1001 1847 1053 1882 ita
1074 1845 1193 1881 multo
1214 1852 1295 1894 post
1326 1845 1391 1882 Se-

189 1900 325 1937 leucus
345 1915 367 1938 a
387 1901 589 1938 Ptolemaeo
608 1901 786 1938 Cerauno
807 1899 891 1935 dolo
921 1897 1145 1935 interfectus
1166 1905 1245 1944 est,
1277 1911 1391 1946 quem

190 1953 253 1989 ille
275 1966 296 1989 a
325 1960 430 2003 patre
451 1953 656 2002 expulsum
678 1951 939 1995 Alexandrea,
962 1951 1175 1987 alienarum
1196 1963 1307 1998 opum
1339 1951 1391 1985 in-

189 2005 393 2054 (figentem,
429 2012 639 2054 receperat.
715 2004 799 2053 Ipse
834 2011 960 2040 autem
995 2002 1234 2046 Ptolemaeus,
1274 2015 1391 2051 quum

191 2059 300 2093 vivus
320 2058 398 2095 filio
418 2070 581 2108 regnum
601 2057 826 2101 tradidisset,
849 2057 896 2093 ab
924 2056 989 2092 illo
1009 2054 1140 2091 eodem
1163 2055 1239 2090 vita
1269 2056 1392 2104 priva-

191 2118 249 2146 tus
270 2110 424 2148 dicitur.
481 2110 540 2147 De
561 2110 702 2159 quibus
721 2110 901 2158 quoniam
921 2109 1013 2144 satis
1033 2107 1178 2143 dictum
1200 2114 1391 2155 putamus,

188 2175 262 2199 non
282 2163 564 2200 incommodum
586 2163 747 2207 videtur,
769 2174 843 2198 non
864 2160 1057 2210 praeterire
1073 2158 1338 2195 Hamilcarem
1358 2166 1393 2197 et

189 2214 461 2260 Hannibalem,
482 2228 577 2264 quos
597 2222 634 2252 et
662 2215 779 2252 animi
807 2213 1082 2262 magnitudine,
1114 2218 1151 2248 et
1183 2211 1392 2250 calliditate

187 2280 318 2305 omncs
338 2269 377 2304 in
398 2268 534 2305 Africa
557 2275 663 2304 natos
683 2267 902 2318 praestitisse
921 2271 1084 2302 constat.
