1651 2790
321 241 462 284 XXV.
526 247 588 291 14,
614 247 676 283 15.
731 240 798 295 (Τ.
817 240 1078 295 Pomponius
1098 241 1293 295 Atticus.)
1330 247 1409 282 105

206 346 433 382 continentis
453 344 563 381 debet
578 344 691 381 duci:
714 350 750 381 et
771 344 894 392 potius
915 343 1124 393 diligentia,
1142 357 1258 393 quam
1280 345 1410 394 pretio,

205 410 355 448 parare,
387 409 461 434 non
496 398 698 434 mediocris
731 404 788 434 est
826 396 1037 434 industriae.
1114 397 1298 446 Elegans,
1340 410 1413 434 non

205 450 460 500 magnificus3
483 450 716 499 splendidus,
738 462 812 486 non
836 457 1106 498 sumptuosus3
1138 450 1411 498 omnidiligen-

203 503 256 539 tia
288 503 534 547 mundiciam,
565 515 639 539 non
674 503 923 546 affluentiam,
955 501 1170 538 affectabat.
1229 502 1412 550 Supellex

204 555 366 599 modica,
387 567 459 592 non
482 556 613 599 multa,
643 561 683 592 ut
704 556 743 591 in
769 561 947 591 neutram
974 561 1121 603 partem
1141 555 1311 603 conspici
1333 567 1412 603 pos-

204 614 274 644 set.
332 608 420 644 Nec
453 608 664 656 praeteribo,
685 619 923 657 quamquam
954 607 1151 643 nonnullis
1180 607 1266 643 leve
1287 607 1413 643 visum

204 661 252 696 iri
273 667 401 709 putem
419 673 426 696 :
457 673 578 708 quum
599 661 774 709 inprimis
798 660 927 697 lautus
947 666 1047 696 esset
1066 672 1184 708 eques
1205 659 1412 703 Romanus,

204 720 241 749 et
260 725 334 749 non
355 725 491 762 parum
512 713 723 749 liberaliter
743 713 896 749 domum
917 725 1027 748 suam
1047 713 1217 749 omnium
1237 712 1412 749 ordinum

205 766 377 802 homines
410 767 601 810 invitaret,
627 765 823 815 [scimus,]
858 778 932 802 non
962 765 1139 813 amplius,
1160 777 1276 814 quam
1306 772 1413 800 terna

205 818 327 854 millia
347 819 446 863 aeris,
468 831 646 868 peraeque
667 819 706 854 in
727 818 898 867 singulos
919 830 1080 862 menses,
1103 830 1149 854 ex
1170 816 1412 866 ephemeride

204 883 293 906 eum
313 883 523 919 expensum
553 871 722 920 sumptui
743 870 844 907 ferre
865 871 1032 907 solitum.
1092 870 1223 919 Atque
1252 870 1323 907 hoc
1341 880 1411 906 non

205 923 390 967 auditum,
412 923 478 959 sed
499 923 695 972 cognitum
726 923 994 972 praedicamus.
1053 922 1162 971 Saepe
1183 923 1285 959 enim
1306 935 1412 971 prop-

204 981 260 1011 ter
280 975 579 1012 familiaritatem
600 975 819 1013 domesticis
839 976 953 1012 rebus
973 974 1232 1012 interfuimus.

258 1027 364 1065 XIV.
395 1028 522 1065 Nemo
552 1028 591 1064 in
613 1029 789 1065 convivio
809 1029 893 1077 ejus
914 1027 1020 1064 aliud
1051 1040 1231 1064 acroama
1253 1027 1409 1072 audivit,

203 1092 320 1128 quam
355 1088 612 1130 anagnosten:
655 1081 756 1130 quod
789 1094 857 1118 nos
896 1081 1050 1129 quidem
1085 1080 1411 1128 jucundissimum

204 1133 447 1170 arbitramur.
503 1133 643 1182 Neque
664 1146 849 1182 umquam
870 1134 950 1170 sine
972 1133 1103 1181 aliqua
1132 1133 1292 1169 lectione
1314 1131 1412 1181 apud

205 1197 295 1221 eum
316 1193 512 1223 coenatum
542 1194 610 1231 est,
637 1194 677 1223 ut
707 1199 781 1223 non
810 1187 938 1222 minus
972 1186 1110 1229 animo,
1132 1197 1248 1233 quam
1280 1191 1412 1221 ventre

203 1239 376 1275 convivae
395 1239 688 1275 delectarentur.
747 1239 928 1287 Namque
959 1251 1022 1274 eos
1054 1238 1227 1281 vocabat,
1249 1249 1412 1286 quorum

204 1302 328 1328 mores
359 1303 381 1327 a
408 1292 488 1328 suis
518 1304 592 1328 non
625 1292 886 1328 abhorrerent.
945 1291 1078 1332 Quum
1113 1296 1219 1326 tanta
1239 1290 1414 1339 pecuniae

205 1341 307 1379 facta
337 1350 437 1380 esset
467 1345 652 1389 accessio,
673 1345 768 1381 nihil
795 1344 841 1381 de
873 1343 1090 1393 quotidiano
1110 1342 1217 1379 cultu
1238 1342 1411 1386 mutavit,

204 1395 297 1431 nihil
319 1395 365 1432 de
394 1396 481 1432 vitae
501 1396 800 1432 consuetudine:
831 1403 1013 1444 tantaque
1043 1407 1135 1431 usus
1155 1401 1212 1431 est
1242 1394 1412 1431 modera-

207 1447 316 1491 zione,
341 1454 381 1484 ut
410 1460 535 1496 neque
556 1449 595 1484 in
615 1449 786 1485 sestertio
802 1449 935 1493 vicies,
957 1447 1055 1496 quod
1085 1460 1107 1483 a
1128 1454 1234 1495 patre
1256 1459 1412 1495 accepe-

206 1505 274 1543 rat,
297 1512 433 1548 parum
454 1513 495 1537 se
516 1500 712 1549 splendide
732 1501 903 1550 gesserit,
926 1512 1050 1548 neque
1071 1501 1109 1535 in
1130 1500 1300 1535 sestertio
1325 1511 1411 1535 cen-

205 1551 274 1588 ties
295 1552 513 1589 affluentius
533 1553 682 1597 vixerit,
697 1565 813 1601 quam
834 1553 1060 1595 instituerat,
1083 1552 1241 1600 parique
1262 1550 1413 1601 fastigio

204 1605 348 1641 steterit
376 1605 414 1640 in
436 1614 598 1654 utraque
628 1604 792 1641 fortuna.
850 1605 991 1641 Nullos
1012 1604 1144 1640 habuit
1169 1604 1306 1648 hortos,
1328 1603 1411 1639 nul-

205 1656 282 1692 lam
321 1657 581 1693 suburbanam
611 1664 677 1694 aut
706 1658 939 1694 maritimam
968 1663 1230 1705 sumptuosam
1264 1656 1408 1700 villam,

204 1722 328 1758 neque
363 1711 402 1745 in
430 1709 552 1754 Italia,
588 1716 724 1758 praeter
759 1710 1016 1746 Ardeatinum
1044 1715 1081 1745 et
1111 1708 1411 1753 Nomentanum,

205 1763 392 1799 rusticum
412 1762 597 1810 praedium
614 1775 622 1798 :
652 1763 850 1811 omnisque
866 1763 950 1811 ejus
969 1762 1144 1810 pecuniae
1164 1761 1306 1797 reditus
1326 1773 1411 1797 con-

205 1815 329 1852 stabat
349 1815 388 1850 in
409 1815 614 1864 Epiroticis
635 1822 671 1851 et
702 1815 859 1851 urbanis
886 1813 1198 1863 possessionibus.
1256 1813 1318 1849 Ex
1338 1826 1413 1861 quo

205 1868 384 1917 cognosci
415 1874 546 1916 potest,
569 1880 682 1904 usum
703 1880 790 1904 eum
822 1867 998 1917 pecuniae
1028 1879 1104 1902 non
1135 1865 1410 1915 magnitudine,

205 1920 270 1956 sed
291 1920 435 1956 ratione
456 1920 581 1956 metiri
601 1920 766 1956 solitum.

261 1971 347 2008 XV.
379 1971 626 2009 Mendacium
646 1985 771 2021 neque
801 1972 963 2016 dicebat,
985 1984 1110 2020 neque
1141 1971 1218 2020 pati
1252 1977 1409 2020 poterat.

206 2023 338 2073 Itaque
359 2025 443 2073 ejus
463 2026 621 2061 comitas
639 2037 714 2061 non
734 2025 815 2061 sine
843 2025 1046 2061 severitate
1066 2031 1159 2066 erat,
1180 2035 1306 2071 neque
1326 2035 1411 2072 gra-

207 2077 304 2113 vitas
332 2078 414 2113 sine
449 2077 642 2121 facilitate,
667 2084 708 2114 ut
738 2076 892 2113 difficile
922 2083 1021 2113 esset
1051 2075 1261 2119 intellectu,
1284 2083 1413 2111 utrum

208 2141 297 2164 eum
332 2129 448 2165 amici
476 2130 600 2178 magis
628 2137 865 2174 vererentur,
888 2141 936 2165 an
971 2134 1158 2164 amarent.
1216 2126 1413 2175 Quidquid

210 2180 427 2228 rogabatur,
444 2181 620 2230 religiose
642 2182 902 2230 promittebat:
933 2181 1032 2229 quod
1052 2192 1126 2216 non
1145 2179 1329 2223 liberalis,
1349 2178 1414 2214 sed

210 2232 307 2268 levis
336 2232 606 2277 arbitrabatur,
627 2234 811 2282 polliceri,
833 2233 931 2282 quod
962 2239 1141 2282 praestare
1169 2243 1244 2268 non
1274 2237 1410 2279 posset.

210 2283 315 2321 Idem
342 2284 380 2319 in
405 2284 567 2329 nitendo,
589 2285 688 2333 quod
708 2286 825 2322 semel
848 2286 1055 2327 annuisset,
1078 2290 1181 2320 tanta
1201 2290 1283 2320 erat
1303 2295 1412 2327 cura,

211 2342 252 2373 ut
271 2349 345 2372 non
366 2336 597 2381 mandatam,
615 2336 679 2373 sed
693 2350 802 2373 suam
824 2350 905 2373 rem
918 2337 1112 2373 videretur
1131 2348 1259 2384 agere.
1289 2335 1413 2371 Num-

209 2401 325 2437 quam
346 2389 512 2437 suscepti
533 2389 674 2437 negotii
703 2402 791 2425 eum
823 2396 1025 2437 pertaesum
1046 2394 1114 2424 est.
1172 2388 1292 2424 Suam
1312 2387 1414 2423 enim

211 2441 531 2478 existimationem
550 2441 589 2476 in
611 2453 657 2477 ea
678 2453 718 2477 re
740 2442 802 2490 agi
832 2441 1010 2489 putabat:
1041 2452 1117 2488 qua
1136 2440 1230 2476 nihil
1251 2439 1414 2476 habebat

210 2493 353 2530 carius.
410 2493 498 2535 Quo
518 2493 644 2539 fiebat,
662 2500 703 2530 ut
722 2493 849 2530 omnia
863 2492 1104 2537 Ciceronum,
1125 2492 1290 2536 Catonis,
1313 2491 1412 2543 [Ma-

1441 398 1462 433 cn

1443 2494 1465 2530 3
