1651 2790
278 283 328 319 10
638 277 672 317 I.
704 283 742 323 2.
766 281 803 317 3.
866 275 1128 328 (Miltiades.)

222 381 243 413 4
272 376 407 413 futura.
464 375 552 412 Hoc
585 375 729 411 oraculi
763 386 949 422 responso
983 373 1179 410 Miltiades
1208 385 1294 408 cum
1319 371 1468 408 delecta

272 441 386 465 manu
409 428 536 464 classe
558 427 845 464 Chersonesum
874 426 1066 474 profectus
1093 438 1206 472 quum
1237 425 1470 460 accessisset

275 481 472 524 Lemnum,
490 487 527 516 et
542 479 689 515 incolas
707 480 789 528 ejus
805 479 940 514 insulae
961 479 1030 514 sub
1049 485 1277 526 potestatem
1294 477 1470 525 redigere

273 533 394 569 vellet
413 532 718 576 Atheniensium,
740 531 852 578 idque
875 531 1025 566 Lemnii
1046 543 1115 566 sua
1135 537 1268 578 sponte
1289 528 1471 573 facerent,

223 589 245 621 5
274 585 529 633 postulasset:
561 584 618 620 illi
637 584 840 620 irridentes
860 583 1148 631 responderunt,
1168 590 1247 617 tum
1266 581 1305 617 id
1325 594 1367 617 se
1395 581 1472 617 fac·

274 646 391 681 turos,
412 649 525 684 quum
547 637 627 680 ille,
647 636 757 672 domo
776 635 937 671 navibus
963 635 1215 684 proficiscens
1234 640 1350 669 vento
1371 633 1473 681 aqui-

276 690 376 733 lone,
397 689 570 724 venisset
597 688 795 724 Lemnum.
852 687 930 724 Hic
958 687 1059 723 enim
1078 694 1227 731 ventus,
1249 687 1294 722 ab
1321 693 1474 733 septen-

275 741 458 777 trionibus
485 741 625 785 oriens,
652 740 852 776 adversum
877 746 983 775 tenet
1008 739 1171 775 Athenis
1198 737 1474 787 proficiscenti-

226 796 248 830 6
277 794 360 829 bus.
417 792 627 836 Miltiades,
657 792 829 828 morandi
858 799 1006 840 tempus
1038 804 1113 827 non
1142 790 1301 835 habens,
1323 801 1474 826 cursum

277 845 427 889 direxit,
448 857 520 892 quo
540 845 731 889 tendebat,
751 845 999 893 pervenitque
1023 843 1321 880 Chersonesum.

229 901 247 933 1
331 897 384 933 II.
414 898 474 934 Ibi
487 897 595 935 brevi
610 904 779 945 tempore
799 897 1040 932 barbarorum
1057 895 1179 944 copiis
1197 895 1383 944 disjectis,
1399 901 1475 931 tota

278 949 448 998 regione,
461 962 572 997 quam
586 949 758 998 petierat,
771 949 924 997 potitus,
940 949 1027 985 loca
1040 948 1210 984 castellis
1224 948 1363 983 idonea
1376 959 1476 982 com-

277 1001 447 1046 munivit,
478 1002 767 1046 multitudinem,
801 1014 912 1049 quam
945 1013 1077 1037 secum
1105 1000 1274 1043 duxerat,
1304 1000 1343 1035 in
1372 998 1474 1047 agris

227 1057 250 1090 2
281 1053 495 1098 collocavit,
510 1054 728 1101 crebrisque
743 1053 1032 1089 excursionibus
1048 1052 1308 1100 locupletavit.
1338 1051 1476 1098 Neque

278 1106 402 1141 minus
419 1106 471 1141 in
500 1119 546 1142 ea
570 1118 610 1142 re
640 1106 850 1154 prudentia,
871 1118 983 1153 quam
1011 1104 1207 1149 felicitate,
1228 1104 1375 1152 adjutus
1406 1110 1476 1139 est.

280 1158 380 1194 Nam
401 1171 514 1205 quum
527 1158 663 1194 virtute
683 1158 843 1194 militum
860 1157 1027 1194 hostium
1042 1157 1252 1193 devicisset
1272 1156 1476 1200 exercitus,

280 1222 426 1245 summa
441 1210 613 1257 aequitate
630 1222 691 1246 res
709 1210 914 1254 constituit,
931 1217 1040 1257 atque
1062 1209 1144 1257 ipse
1166 1209 1308 1244 ibidem
1322 1220 1476 1244 manere

230 1264 251 1297 3
282 1261 464 1297 decrevit.
522 1262 616 1298 Erat
636 1262 737 1298 enim
757 1262 854 1297 inter
875 1274 942 1298 eos
964 1262 1146 1310 dignitate
1167 1261 1286 1309 regia,
1306 1260 1476 1308 quamvis

280 1314 436 1349 carebat
453 1314 605 1350 nomine
622 1328 631 1358 3
659 1327 784 1361 neque
800 1314 839 1349 id
858 1314 979 1362 magis
1000 1314 1171 1362 imperio,
1188 1325 1299 1361 quam
1318 1311 1477 1361 justitia,

283 1373 526 1402 consecutus.
583 1366 720 1413 Neque
742 1378 788 1402 eo
815 1366 945 1402 secius
966 1366 1281 1409 Atheniensibus,
1302 1377 1324 1400 a
1343 1365 1477 1412 quibus

283 1424 362 1453 erat
387 1417 592 1465 profectus,
613 1418 738 1454 officia
765 1419 976 1466 praestabat.
1035 1418 1182 1460 Quibus
1211 1418 1324 1453 rebus
1353 1417 1479 1461 fiebat,

283 1477 322 1505 ut
339 1482 415 1505 non
440 1470 563 1506 minus
589 1482 720 1506 eorum
739 1471 929 1506 voluntate
957 1477 1140 1518 perpetuo
1166 1469 1366 1517 imperium
1386 1469 1480 1504 obti-

282 1530 401 1566 neret,
422 1522 485 1569 qui
503 1522 698 1566 miserant,
718 1535 830 1569 quam
849 1523 1010 1567 illorum,
1031 1534 1117 1557 cum
1137 1522 1271 1569 quibus
1293 1528 1373 1556 erat
1394 1533 1480 1569 pro-

232 1577 255 1609 4
283 1573 419 1610 fectus.
451 1574 697 1610 Chersoneso
712 1575 778 1610 tali
793 1574 904 1610 modo
921 1574 1135 1618 constituta,
1151 1574 1337 1609 Lemnum
1353 1585 1479 1608 rever-

285 1626 381 1670 titur,
403 1633 440 1661 et
469 1638 517 1662 ex
546 1634 657 1673 pacto
686 1627 862 1674 postulat,
882 1633 922 1661 ut
949 1626 1023 1661 sibi
1046 1626 1177 1661 urbem
1200 1624 1360 1660 tradant.
1416 1623 1479 1660 Illi

285 1677 387 1713 enim
414 1677 599 1722 dixerant,
628 1690 752 1724 quum,
774 1685 887 1713 vento
916 1678 1032 1713 borea
1059 1677 1169 1712 domo
1197 1675 1403 1724 profectus,
1433 1688 1479 1712 eo

284 1729 536 1776 pervenisset,
550 1741 639 1765 sese
654 1729 865 1772 dedituros;
888 1741 930 1764 se
944 1736 1069 1764 autem
1082 1728 1232 1764 domum
1243 1727 1479 1764 Chersonesi

236 1784 256 1816 5
286 1780 441 1816 habere.
499 1781 632 1825 Cares,
652 1781 716 1828 qui
736 1788 813 1816 tum
834 1781 1019 1816 Lemnum
1038 1781 1266 1824 incolebant,
1288 1780 1361 1816 etsi
1386 1793 1479 1828 prae-

285 1839 343 1868 ter
379 1832 597 1879 opinionem
634 1845 696 1868 res
736 1833 940 1876 ceciderat,
972 1839 1111 1877 tamen,
1147 1844 1224 1868 non
1262 1832 1376 1877 dieto,
1410 1833 1480 1868 sed

287 1884 458 1920 secunda
482 1884 629 1920 fortuna
648 1884 948 1920 adversariorum
968 1884 1080 1933 capti,
1099 1885 1281 1920 resistere
1302 1885 1385 1920 ausi
1403 1896 1480 1921 non

286 1943 373 1971 sunt
388 1943 497 1983 atque
515 1949 563 1972 ex
578 1937 703 1972 insula
718 1937 984 1986 demigrarunt.
1025 1936 1114 1973 Pari
1130 1936 1313 1972 felicitate
1331 1943 1480 1973 ceteras

287 1988 445 2032 insulas,
476 2001 557 2036 quae
588 1988 780 2036 Cyclades
812 1989 1063 2033 nominantur,
1089 1989 1158 2024 sub
1186 1988 1481 2025 Atheniensium

287 2039 435 2088 redegit
456 2047 692 2089 potestatem.

240 2095 257 2129 1
315 2091 390 2128 III.
446 2092 608 2128 Eisdem
640 2092 871 2141 temporibus
906 2093 1111 2130 Persarum
1141 2105 1211 2129 rex
1244 2092 1398 2138 Darius,
1433 2105 1481 2129 ex

317 2167 366 2191 514
448 2144 543 2180 Asia
579 2144 619 2180 in
663 2145 857 2192 Europam
902 2145 1074 2181 exercitu
1113 2146 1283 2194 trajecto,
1323 2145 1480 2193 Scythis

286 2206 311 2224 a.
325 2199 356 2224 C·
369 2206 396 2223 1¹-
446 2197 588 2233 bellum
606 2196 744 2232 inferre
766 2197 947 2232 decrevit.
996 2197 1159 2234 Pontem
1177 2197 1269 2233 fecit
1288 2197 1327 2233 in
1347 2197 1480 2240 Histro

288 2249 454 2294 flumine,
492 2261 566 2296 qua
607 2248 737 2297 copias
782 2248 1008 2285 traduceret.
1078 2249 1174 2298 Ejus
1212 2249 1351 2298 pontis,
1393 2250 1482 2286 dum

290 2301 374 2349 ipse
404 2302 569 2345 abesset,
600 2300 779 2336 custodes
809 2301 962 2348 reliquit
990 2301 1199 2350 principes,
1223 2313 1316 2349 quos
1348 2313 1481 2337 secum

292 2364 341 2388 ex
368 2352 476 2389 Ionia
504 2360 542 2388 et
559 2352 717 2389 AEolide
747 2352 927 2397 duxerat3
957 2354 1091 2401 quibus
1121 2354 1284 2402 singulis
1313 2353 1482 2401 ipsarum

240 2407 264 2441 2
292 2403 438 2439 urbium
464 2412 647 2452 perpetua
666 2404 822 2440 dederat
844 2405 1014 2453 imperia.
1073 2406 1140 2441 Sic
1169 2405 1272 2441 enim
1298 2404 1480 2440 facillime

290 2456 436 2504 putavit
467 2468 510 2491 se
546 2456 681 2492 Graeea
712 2457 842 2505 lingua
873 2457 1086 2504 loquentes,
1117 2457 1181 2504 qui
1212 2456 1346 2492 Asiam
1377 2455 1481 2492 inco-

291 2507 424 2552 lerent,
458 2508 526 2543 sub
560 2520 629 2543 sua
665 2515 895 2543 retenturum
930 2516 1130 2556 potestate,
1166 2508 1198 2543 si
1233 2507 1367 2544 amicis
1400 2508 1480 2544 suis
