1651 2790
500 235 597 278 XX.
659 242 696 285 2,
718 241 755 277 3.
821 236 1083 291 (Timoleon.)
1343 243 1398 280 83

185 339 281 378 sidio
301 339 383 384 fuit,
404 351 452 377 ne
473 340 560 389 quis
582 339 736 376 satelles
758 346 881 388 posset
896 351 1142 376 succur··.1e1e
1200 339 1286 377 Hoc
1307 353 1400 390 pr-oe

187 393 447 430 clarissimum
470 392 555 442 ejus
585 391 736 429 facinus
765 404 839 429 non
869 392 953 441 pari
981 392 1090 429 modo
1119 393 1317 442 probatum
1346 401 1402 431 est

187 446 235 483 ab
255 446 445 482 omnibus.
503 445 693 482 Nonnulli
722 445 826 481 enim
847 444 980 482 laesam
1001 445 1049 480 ab
1070 458 1114 482 eo
1134 446 1312 495 pietatem
1334 459 1399 495 pu-

187 499 328 544 tabant,
363 505 401 536 et
435 498 582 535 invidia
615 497 769 534 laudem
800 497 951 534 virtutis
983 498 1218 534 obterebant.
1276 498 1401 535 Mater

186 563 277 588 vero
305 558 386 601 post
406 551 443 588 id
465 551 611 588 factum
631 562 758 598 neque
779 550 934 587 domum
965 549 1011 586 ad
1032 563 1072 586 se
1092 550 1215 587 filium
1237 551 1398 595 admisit,

186 617 313 653 neque
335 604 518 653 adspexit,
540 604 633 653 quin
653 616 742 639 eum
765 602 1002 640 fratricidam
1022 603 1260 653 impiumque
1281 603 1399 640 detes-

187 664 272 694 tans
292 657 553 707 compellaret.
593 656 746 698 Quibus
768 656 881 693 rebus
901 655 993 692 adeo
1013 655 1079 692 illc
1099 662 1156 692 est
1176 663 1398 701 commotus,

187 717 229 746 ut
259 722 548 758 nonnumquam
578 710 666 746 vitae
700 709 816 749 finem
851 708 979 745 facere
1009 708 1183 752 voluerit,
1205 715 1319 757 atque
1353 721 1400 744 ex

186 763 424 812 ingratorum
444 762 640 799 hominum
661 767 868 810 conspectu
889 768 1008 798 morte
1029 761 1229 797 decedere.

240 814 290 852 II.
335 814 494 852 Interim
533 814 656 851 Dione
697 814 904 862 Syracusis
941 813 1153 858 interfecto,
1189 813 1400 862 Dionysius

187 879 321 903 rursus
341 866 628 915 Syracusarum
650 868 790 916 potitus
810 873 889 903 est:
919 866 1032 915 cujus
1053 866 1263 902 adversarii
1291 880 1401 916 opem

187 932 210 955 a
228 919 434 956 Corinthiis
454 921 657 969 petierunt,
675 920 904 968 ducemque,
922 932 996 967 quo
1015 919 1054 955 in
1077 919 1175 956 bello
1189 927 1398 964 uterentur,

187 972 440 1021 postularunt.
499 972 590 1009 Huc
625 972 828 1008 Timoleon
858 972 999 1008 missus
1032 972 1249 1008 incredibili
1280 971 1398 1009 felici-

186 1031 262 1061 tate
282 1024 514 1074 Dionysium
544 1031 620 1061 tota
650 1025 784 1062 Sicilia
805 1024 963 1073 depulit.
1022 1023 1156 1066 Quum
1181 1025 1398 1061 interficere

187 1083 324 1127 posset,
361 1077 494 1123 noluit,
533 1084 689 1127 tutoque
730 1084 771 1114 ut
808 1077 1035 1114 Corinthum
1075 1078 1302 1126 perveniret,
1343 1077 1395 1113 ef-

187 1129 304 1166 fecit:
334 1129 433 1178 quod
463 1138 714 1180 utrorumque
748 1129 1025 1178 Dionysiorum
1045 1130 1180 1179 opibus
1211 1129 1399 1167 Corinthii

185 1195 287 1232 saepe
308 1182 430 1232 adjuti
457 1182 621 1228 fuerant,
644 1183 757 1232 cujus
786 1183 1032 1232 benignitatis
1053 1183 1278 1219 memoriam
1298 1183 1397 1219 vole-

186 1235 250 1272 bat
270 1242 422 1273 exstare
438 1248 448 1283 3
481 1249 645 1285 eamque
672 1235 899 1285 praeclaram
931 1235 1131 1272 victoriam
1162 1235 1337 1280 ducebat,
1359 1236 1397 1271 in

185 1301 262 1336 qua
282 1288 368 1337 plus
388 1296 488 1326 esset
508 1289 735 1334 clementiae‚
756 1301 873 1338 quam
893 1288 1157 1335 crudelitatis3
1199 1295 1397 1337 postremo,

187 1347 229 1377 ut
248 1353 323 1377 non
343 1342 467 1378 solum
488 1342 647 1378 auribus
667 1342 921 1391 acciperetur,
943 1340 1008 1378 sed
1037 1341 1154 1377 etiam
1173 1341 1296 1378 oculis
1316 1353 1396 1378 cer-

186 1399 355 1438 neretur,
376 1406 491 1442 quem
525 1401 562 1430 et
596 1407 643 1430 ex
663 1401 805 1442 quanto
839 1406 957 1443 regno
977 1393 1025 1430 ad
1055 1406 1172 1442 quarn
1208 1393 1398 1431 fortunam

186 1445 421 1482 detrusisset.
480 1446 566 1482 Post
586 1445 763 1494 Dionysii
784 1446 984 1483 decessum
1007 1458 1097 1482 cum
1118 1446 1261 1483 Hiceta
1281 1447 1396 1483 bella-

188 1498 253 1542 vit,
274 1498 340 1547 qui
362 1497 587 1535 adversatus
609 1497 734 1535 fuerat
761 1497 969 1546 Dionysio:
999 1510 1114 1546 quem
1133 1511 1208 1535 non
1227 1499 1311 1535 odio
1339 1505 1396 1547 ty-

188 1550 357 1587 rannidis
391 1551 627 1595 dissensisse,
662 1550 725 1588 sed
761 1550 980 1599 cupiditate,
1013 1550 1154 1588 indicio
1185 1550 1268 1596 fuit,
1297 1551 1397 1600 quod

187 1603 279 1652 ipse,
301 1603 460 1652 expulso
480 1603 678 1652 Dionysio,
700 1604 906 1652 imperium
926 1603 1114 1640 dimittere
1135 1604 1268 1640 noluit.
1310 1604 1396 1641 Hoc

185 1662 375 1704 superato,
398 1655 600 1692 Timoleon
635 1657 824 1692 maximas
853 1656 983 1705 copias
1017 1655 1396 1706 Carthaginiensium

187 1707 287 1756 apud
307 1707 536 1745 Crimissum
557 1709 701 1745 flumen
723 1708 883 1757 fugavit,
906 1721 952 1745 ac
973 1708 1064 1745 satis
1092 1708 1235 1745 habere
1259 1710 1395 1759 co‘e'git,

185 1761 218 1797 si
246 1760 379 1797 liceret
413 1760 592 1797 Africam
623 1761 805 1805 obtinere,
828 1761 894 1809 qui
920 1760 1001 1809 jam
1035 1761 1252 1810 complures
1280 1775 1397 1799 annos

186 1814 460 1862 possessionem
481 1813 625 1850 Sicili‘e
644 1813 837 1850 tenebant.
875 1813 985 1862 Cepit
1005 1814 1118 1850 etiam
1142 1813 1394 1859 Mamercum,

186 1865 364 1902 Italicum
395 1865 546 1911 ducem,
568 1866 760 1903 hominem
793 1866 1019 1903 bellicosum
1040 1873 1077 1903 et
1097 1873 1300 1915 potentem,
1330 1868 1396 1916 qui

185 1925 371 1967 tyrannos
392 1919 597 1968 adjutum'
588 1931 627 1955 111
648 1919 824 1955 Siciliam
845 1925 1014 1955 venerat.

237 1970 306 2008 III.
339 1971 492 2013 Quibus
513 1972 629 2008 rebus
649 1970 834 2009 confectis
853 1984 974 2020 quum
999 1978 1150 2021 propter
1169 1971 1394 2010 diuturnita-

185 2030 262 2060 tem
281 2024 374 2061 belli
402 2036 476 2060 non
496 2024 620 2061 solum
642 2025 829 2074 regiones,
851 2024 917 2060 sed
947 2025 1062 2060 etiam
1092 2025 1206 2061 urbes
1226 2025 1395 2062 desertas

185 2076 343 2121 videret,
373 2077 615 2125 conquisivit,
637 2090 732 2126 quos
766 2078 896 2126 potuit,
927 2077 1093 2126 primum
1124 2077 1300 2124 Siculos3
1333 2078 1394 2114 de-

184 2128 272 2165 iude
305 2129 486 2166 Corintho
507 2130 705 2166 arcessivit
725 2130 889 2175 colonos,
911 2129 1010 2178 quod
1042 2129 1089 2165 ab
1118 2130 1176 2165 his
1197 2130 1303 2166 initio
1323 2130 1393 2179 Sy-

186 2193 336 2217 racusae
355 2188 464 2218 erant
483 2182 657 2219 conditae.
714 2182 876 2219 Civibus
895 2182 1090 2218 veteribus
1110 2195 1181 2218 sua
1202 2183 1365 2219 restituit
1381 2196 1390 2229 3

185 2234 294 2270 novis
327 2233 427 2270 bello
460 2234 705 2271 vacuefactas
743 2235 997 2284 possessiones
1035 2234 1187 2280 divisit3
1241 2235 1394 2271 urbium

146 2298 151 2299 ⁷
185 2286 327 2322 moenia
341 2285 501 2334 disjecta
517 2285 685 2335 fanaque
699 2287 849 2324 deserta
869 2286 1027 2333 refecit3
1051 2287 1269 2323 civitatibus
1289 2287 1394 2336 leges

184 2338 476 2387 libertatemque
497 2338 681 2385 reddidit3
713 2351 760 2376 ex
781 2341 946 2376 maximo
980 2339 1079 2375 bello
1107 2345 1255 2375 tantum
1275 2340 1394 2376 otium

184 2397 270 2428 totae
289 2390 424 2427 insulae
444 2391 676 2435 conciliavit,
698 2398 740 2427 ut
770 2392 834 2428 hic
865 2391 1036 2428 conditor
1056 2391 1211 2427 urbium
1244 2404 1391 2438 earum,

1429 343 1453 378 5

1429 659 1452 692 6

1432 818 1450 851 1

184 2455 259 2480 11011
280 2443 349 2489 1111,
370 2443 436 2492 qui
469 2442 577 2480 initio
605 2442 856 2487 deduxerant,
877 2443 1086 2480 videretur.
1143 2444 1291 2481 Arcem
1319 2444 1391 2494 Sy.
1421 2448 1443 2483 3

187 2496 346 2541 racusis,
362 2508 479 2545 quam
495 2495 687 2532 munierat
697 2494 908 2544 Dionysius
924 2495 972 2532 ad
985 2495 1120 2533 urbem
1133 2496 1390 2545 obsidendam,
