1651 2790
350 241 491 282 XXV.
550 247 588 288 4,
611 246 648 281 5.
713 238 780 293 (T.
799 237 1058 292 Pomponius
1074 238 1269 291 Atticus.)
1359 243 1413 280 99

207 344 308 381 enim
325 344 363 380 in
384 344 486 380 omni
507 342 773 392 procuratione
790 340 1011 389 reipublicae
1025 347 1191 377 actorem
1206 348 1415 377 auctorem-

207 409 280 445 que
314 396 517 432 habebant.
586 395 708 444 Igitur
738 395 902 443 primum
937 393 1032 429 illud
1066 405 1206 429 munus
1241 393 1412 438 fortunae,

206 448 303 498 quod
326 449 362 484 in
384 461 429 484 ea
451 448 686 497 potissimum
705 448 798 483 urbe
819 453 932 482 natus
951 452 1018 487 est,
1033 446 1072 481 in
1092 458 1169 494 qua
1179 445 1415 481 domicilium

205 502 305 538 orbis
326 508 515 537 terrarum
545 507 644 537 esset
664 500 825 549 imperii,
849 506 890 535 ut
915 498 1090 535 eamdem
1110 505 1145 533 et
1166 499 1329 547 patriam
1352 498 1414 533 ha-

206 555 310 591 beret
330 561 366 590 et
395 553 572 600 d0mum3
605 554 676 589 hoc
697 553 890 601 specimen
920 550 1141 600 prudentiae,
1163 550 1274 599 quod,
1296 563 1414 598 quum

206 607 243 642 in
265 619 349 643 eam
376 618 416 642 se
437 607 629 642 civitatem
657 604 891 649 contulisset,
913 616 999 653 quae
1023 603 1260 651 antiquitate,
1284 603 1414 638 huma-

205 660 334 703 nitate,
356 659 528 695 doctrina
549 665 745 708 praestaret
764 669 907 702 omnes,
930 668 1030 693 unus
1050 656 1086 692 ei
1115 663 1200 692 ante
1222 655 1316 692 alios
1338 655 1414 690 sue-

205 720 252 748 rit
273 724 508 748 carismmus.

257 763 328 801 IV.
367 763 459 800 Huc
493 776 538 800 ex
579 763 677 800 Asia
715 762 826 798 Sulla
863 761 1053 798 decedens
1080 773 1200 809 quum
1235 760 1412 804 venisset,

203 816 389 865 quamdiu
427 816 479 852 ibi
518 815 600 860 fuit,
642 827 775 852 secum
810 815 943 851 habuit
982 813 1246 861 Pomponium,
1280 820 1415 862 captus

204 868 455 905 adolescentis
475 875 511 905 et
530 869 768 904 humanitate
790 874 826 904 et
846 867 1031 903 doctrina.
1068 865 1133 902 Sic
1153 866 1255 901 enim
1277 865 1414 902 Graece

202 921 442 970 loquebatur,
465 927 506 957 ut
535 921 700 957 Athenis
729 927 843 956 natus
867 919 1072 955 videretur.
1131 918 1260 954 Tanta
1285 924 1414 954 autem

203 975 375 1010 suavitas
395 980 477 1010 erat
506 974 691 1010 sermonis
711 972 854 1017 Latini,
884 979 923 1008 ut
954 978 1168 1019 appareret,
1197 971 1233 1006 in
1256 970 1413 1006 eonati-

203 1039 294 1062 vum
315 1026 519 1075 quemdam
540 1027 707 1075 leporem
728 1038 823 1069 esse,
845 1037 919 1061 non
941 1024 1145 1060 adscitum.
1204 1022 1309 1059 Idem
1331 1028 1413 1071 poe-

203 1086 305 1115 mata
325 1079 592 1127 pronuntiabat
612 1086 649 1115 et
682 1091 809 1127 graece
831 1084 867 1114 et
896 1078 1012 1113 latine
1032 1077 1101 1118 sie,
1124 1083 1164 1112 ut
1184 1087 1299 1124 supra
1320 1075 1413 1111 nihil

204 1138 327 1180 posset
348 1131 447 1167 addi.
479 1131 631 1174 Quibus
653 1132 767 1167 rebus
785 1129 930 1166 factum
946 1136 1013 1172 est,
1032 1135 1072 1165 ut
1092 1128 1202 1164 Sulla
1223 1140 1413 1176 nusquam

205 1183 330 1233 [eum]
367 1184 413 1220 ab
443 1197 485 1220 se
517 1184 732 1227 dimitteret,
773 1189 1005 1232 cuperetque
1035 1193 1168 1217 secum
1206 1180 1412 1216 deducere.

205 1235 283 1277 Qui
303 1249 420 1285 quum
445 1236 674 1285 persuadere
696 1243 869 1279 tentaret,
891 1236 976 1279 noli,
1006 1246 1067 1270 oro
1097 1240 1141 1278 te,
1164 1234 1286 1282 inquit
1306 1232 1411 1269 Pom-

205 1289 349 1337 ponius,
371 1290 568 1326 adversum
587 1301 648 1326 eos
667 1301 720 1325 me
740 1289 832 1325 ‘velle
853 1289 997 1331 ducere,
1019 1300 1099 1323 cum
1119 1286 1249 1334 quibus
1268 1298 1312 1322 ne
1333 1298 1413 1322 con-

205 1346 262 1376 tra
283 1347 314 1377 te
331 1340 599 1390 armaferrem,
622 1340 769 1377 Italiam
789 1341 935 1389 reliqui.
979 1341 1032 1376 At
1053 1339 1174 1383 Sulla,
1197 1338 1411 1375 adolescen-

206 1393 253 1428 tis
282 1393 406 1429 officio
439 1394 666 1437 collaudato,
696 1394 823 1429 omnia
858 1405 1017 1429 munera
1050 1393 1096 1435 ei,
1128 1404 1214 1439 quae
1248 1391 1413 1427 Athenis

207 1453 420 1493 acceperat,
455 1446 699 1494 proficiscens
724 1445 838 1493 jussit
868 1444 1023 1481 deferri2
1087 1444 1164 1480 Hic
1196 1444 1413 1492 complures

207 1509 324 1533 annos
345 1505 526 1542 moratus,
549 1510 666 1545 quum
688 1504 724 1533 et
755 1499 809 1533 rei
840 1497 1019 1533 familiari
1040 1503 1186 1532 tantum
1206 1508 1330 1544 operoe
1350 1495 1412 1531 da-

207 1557 275 1594 ret,
310 1558 496 1598 quantum
530 1562 603 1586 non
634 1549 837 1599 indiligens
871 1549 1025 1585 deberet
1056 1547 1346 1597 paterfamilias,
1377 1555 1414 1583 et

205 1602 332 1638 omnia
361 1602 511 1651 reliqua
544 1609 714 1651 tempora
745 1609 810 1638 aut
843 1601 989 1645 litteris,
1022 1607 1087 1637 aut
1116 1600 1411 1636 Atheniensium

206 1654 428 1703 reipublicae
457 1655 651 1699 tribueret,
682 1654 929 1690 nihilominus
961 1654 1094 1690 amicis
1115 1653 1264 1689 urbana
1284 1651 1409 1688 officia

205 1707 389 1756 praestitit.
447 1707 552 1743 Nam
586 1714 622 1743 et
653 1707 700 1743 ad
731 1707 884 1743 comitia
917 1718 1048 1742 eorum
1070 1705 1280 1749 ventitavit,
1303 1711 1350 1748 et,
1382 1705 1413 1740 si

204 1772 281 1808 qua
315 1772 375 1796 res
407 1760 528 1809 major
562 1767 648 1796 acta
682 1766 748 1804 est,
770 1771 845 1795 non
879 1758 1018 1804 defuit3
1051 1758 1151 1794 sicut
1179 1757 1354 1794 Ciceroni
1374 1757 1414 1792 in

205 1812 380 1848 omnibus
400 1812 519 1862 [ejus]
542 1811 723 1861 periculis
742 1811 979 1861 singularem
998 1810 1113 1848 fidem
1133 1810 1317 1859 praebuit:
1350 1809 1414 1845 cui

206 1877 254 1900 ex
276 1865 398 1913 patria
419 1864 580 1913 fugienti
600 1864 714 1901 LLS.
737 1864 903 1901 ducenta
922 1871 959 1900 et
987 1863 1266 1912 quinquaginta
1293 1862 1415 1898 millia

205 1916 370 1953 donavit.
447 1917 728 1966 Tranquillatis
763 1924 892 1953 autem
926 1917 1040 1952 rebus
1074 1915 1268 1959 Romanis,
1304 1915 1413 1951 remi-

205 1970 329 2019 gravit
350 1970 524 2014 Romam,
542 1977 583 2006 ut
595 1971 737 2019 opinor,
755 1969 803 2006 L.
819 1969 928 2006 Cotta
940 1976 976 2005 et
997 1967 1044 2005 L.
1061 1968 1255 2015 Torquato
1268 1967 1412 2004 Consu-

205 2022 306 2058 libus
321 2035 329 2058 :
359 2035 472 2071 quem
493 2023 593 2059 diem
607 2024 663 2059 sic
679 2023 858 2058 universa
875 2022 1010 2058 civitas
1023 2021 1319 2057 Atheniensium
1333 2032 1413 2068 pro-

206 2082 340 2111 secuta
359 2081 425 2119 est,
440 2081 482 2111 ut
501 2075 672 2111 lacrimis
687 2074 865 2111 desiderii
886 2073 1004 2110 futuri
1024 2073 1191 2109 dolorem
1212 2072 1411 2108 indicaret.

260 2126 310 2162 V.
343 2126 521 2164 Habebat
552 2127 789 2164 avunculum
822 2127 872 2168 Q.
895 2126 1109 2169 Caecilium,
1140 2125 1305 2172 equitem
1340 2123 1412 2160 Ro-

208 2190 378 2223 manum,
400 2178 628 2216 familiarem
649 2179 697 2216 L.
721 2179 892 2223 Luculli,
914 2179 1082 2222 divitem,
1103 2176 1329 2212 difficillima
1349 2188 1413 2211 na-

207 2238 317 2267 tura:
347 2230 460 2278 cujus
479 2232 534 2267 sic
555 2233 798 2280 asperitatem
820 2232 964 2267 veritus
993 2237 1060 2273 est,
1083 2236 1134 2273 ut,
1157 2241 1270 2277 quem
1304 2240 1415 2264 nemo

209 2283 308 2319 ferre
336 2290 470 2332 posset,
492 2283 607 2331 hujus
627 2284 707 2320 sine
728 2283 933 2320 offensione
955 2283 1002 2318 ad
1031 2293 1220 2317 summam
1242 2287 1414 2315 senectu-

207 2343 284 2371 tem
305 2335 502 2372 retinuerit
534 2335 850 2372 benevolentiam.
908 2335 997 2377 Quo
1029 2334 1129 2369 facto
1149 2333 1235 2369 tulit
1265 2332 1415 2380 pietatis

209 2386 391 2424 fructum.
449 2387 630 2423 Caeoilius
649 2388 750 2423 enim
771 2388 935 2423 moriens
969 2393 1192 2422 testamento
1223 2384 1414 2432 adoptavit

209 2452 310 2484 eum,
332 2439 589 2488 heredemque
610 2438 701 2475 feeit
728 2451 775 2475 ex
796 2438 975 2475 dodrante
993 2451 1001 2474 :
1032 2450 1080 2473 ex
1110 2449 1187 2486 qua
1206 2436 1414 2473 hereditate

209 2493 358 2542 accepit
379 2492 534 2530 circiter
553 2491 697 2529 centies
717 2489 832 2528 LLS.
890 2490 986 2527 Erat
1016 2495 1134 2539 nupta
1153 2501 1260 2526 soror
1292 2489 1413 2526 Attici

1445 395 1466 430 m
