1651 2790
475 276 638 318 XXIII.
702 280 735 323 1,
758 280 795 316 2.
860 273 1130 327 (Hannibal.)
1350 276 1406 314 89

373 536 645 586 ΧΧΙΙΙ.
717 532 1197 583 HANNIBAL

699 659 910 666 ——-

251 744 280 781 l.
312 743 517 790 Hannibal,
550 741 783 781 Hamilcaris
804 744 925 795 filias,
966 742 1301 791 Carthaginiensis.
1370 741 1411 777 Si

199 807 334 834 verum
368 806 435 844 est,
466 798 565 848 quod
604 810 716 834 nemo
750 797 908 841 dubitat,
946 802 986 832 ut
1016 795 1180 844 populus
1212 794 1412 831 Romanus

197 862 328 887 omnes
365 858 496 900 gentes
531 851 670 887 virtute
709 850 916 898 superarit,
953 861 1027 885 non
1062 855 1118 884 est
1155 846 1410 891 infitiandum,

198 901 459 940 Hannibalem
494 910 596 940 tanto
630 904 849 952 praestitisse
879 908 1025 938 ceteros
1054 901 1304 950 imperatores
1325 912 1410 947 pru-

197 953 336 1001 dentia,
358 963 499 1004 quanto
533 956 697 1005 populus
730 955 931 992 Romanus
960 954 1161 990 antecedat
1193 952 1411 990 fortitudine

197 1015 358 1045 cunctas
391 1010 574 1045 nationes.
631 1008 737 1045 Nam
770 1009 1086 1057 quotiescumque
1121 1019 1212 1043 cum
1246 1019 1290 1042 eo
1324 1017 1409 1041 con-

195 1072 354 1109 gressus
374 1069 430 1098 est
464 1062 502 1097 in
523 1061 644 1106 Italia,
667 1073 819 1110 semper
852 1060 1026 1097 discessit
1054 1060 1241 1108 superior.
1298 1057 1412 1100 Quod

196 1114 270 1149 nisi
301 1113 402 1151 domi
435 1115 580 1151 civium
601 1126 759 1151 suorum
792 1113 937 1149 invidia
966 1112 1184 1149 debilitatus
1204 1118 1314 1155 esset,
1338 1110 1411 1146 Ro-

197 1178 331 1204 manos
352 1166 548 1204 videretur
568 1179 752 1216 superare
774 1167 954 1215 potuisse.
1012 1165 1087 1201 Sed
1117 1165 1327 1201 multorum
1347 1163 1408 1199 ob-

195 1220 370 1256 trectatio
390 1219 531 1256 devicit
566 1222 682 1257 unius
703 1220 897 1256 virtutem.
956 1217 1034 1254 Hic
1056 1224 1185 1254 autem
1206 1217 1313 1253 velut
1346 1216 1409 1252 he-

197 1271 355 1309 reditate
389 1273 569 1309 relictum
604 1272 733 1309 odium
768 1279 971 1321 paternum
1002 1283 1095 1320 erga
1130 1269 1322 1307 Romanos
1355 1269 1411 1305 sic

197 1325 452 1369 conservavit,
475 1332 516 1362 ut
536 1325 643 1374 prius
663 1326 845 1369 animam,
862 1336 978 1373 quam
1001 1323 1049 1368 id,
1071 1323 1312 1372 deposuerit:
1342 1322 1411 1371 qui

197 1376 365 1424 quidem,
387 1390 508 1426 quum
538 1378 661 1426 patria
682 1377 818 1426 pulsus
839 1383 951 1420 esset,
973 1382 1010 1413 et
1045 1376 1262 1413 alienarum
1295 1387 1409 1423 opum

198 1427 398 1478 indigeret,
420 1442 633 1478 numquam
663 1429 850 1466 destiterit
884 1429 1011 1465 animo
1040 1428 1184 1465 bellare
1216 1440 1306 1464 oum
1337 1427 1409 1463 Ro-

198 1493 337 1518 inanis.

251 1532 300 1570 ΙΙ.
330 1534 435 1570 Nam
457 1541 498 1570 ut
517 1534 688 1570 omittam
708 1533 940 1581 Philippum,
962 1546 1077 1582 quem
1099 1532 1237 1568 absens
1266 1532 1410 1568 hostem

198 1586 358 1623 reddidit
380 1586 588 1623 Romanis:
610 1586 780 1622 omnium
800 1586 859 1621 his
879 1585 1114 1635 temporibus
1129 1585 1411 1633 potentissimus

198 1651 266 1675 rex
305 1639 523 1675 Antiochus
559 1638 642 1675 fuit.
700 1638 818 1674 Hunc
857 1644 963 1674 tanta
997 1637 1203 1686 cupiditate
1243 1637 1412 1673 incendit

198 1691 377 1735 bellandi,
394 1698 434 1728 ut
455 1704 575 1740 usque
599 1704 620 1726 a
641 1692 756 1727 rubro
777 1692 875 1727 mari
896 1703 1003 1726 arma
1020 1697 1180 1727 conatus
1200 1690 1247 1726 sit
1267 1689 1410 1726 inferre

197 1743 332 1781 Italiae.
391 1743 454 1780 Ad
483 1757 599 1792 quem
620 1756 738 1791 quum
775 1743 890 1792 legati
922 1744 1114 1779 venissent
1145 1742 1322 1786 Romani,
1344 1742 1410 1791 qui

197 1796 244 1833 de
264 1797 348 1845 ejus
362 1797 556 1833 voluntate
571 1797 815 1845 explorarent
843 1796 1052 1844 darentque
1066 1807 1221 1844 operam
1242 1796 1411 1831 consiliis

197 1848 457 1893 clandestinis,
481 1856 522 1885 ut
552 1848 814 1886 Hannibalem
843 1847 882 1884 in
903 1849 1160 1898 suspicionem
1180 1848 1263 1897 regi
1295 1848 1409 1884 addu-

198 1908 342 1946 cerent,
363 1908 561 1950 tamquam
590 1902 637 1938 ab
665 1903 756 1950 ipsis
777 1908 1001 1950 corruptum
1031 1901 1118 1945 alia,
1141 1907 1256 1949 atque
1287 1908 1410 1944 antea,

197 1955 364 2000 sentire3
410 1967 536 2003 neque
574 1954 612 1991 id
646 1954 789 1991 frustra
823 1953 1016 1999 fecissent,
1058 1953 1173 2002 idque
1212 1953 1410 1990 Hannibal

197 2008 457 2056 comperisset,
489 2020 608 2056 seque
641 2007 688 2043 ab
722 2007 970 2043 interioribus
1008 2007 1178 2043 consiliis
1212 2006 1410 2056 segregari

197 2059 377 2097 vidisset:
398 2066 568 2109 tempore
584 2059 670 2096 dato
687 2059 779 2096 adiit
793 2059 840 2096 ad
861 2071 1004 2109 regem,
1019 2059 1131 2108 eique
1152 2071 1273 2108 quum
1289 2059 1410 2095 multa

197 2111 244 2148 de
278 2112 354 2148 fide
383 2125 454 2149 sua
486 2118 523 2149 et
556 2112 640 2149 odio
671 2113 711 2149 in
746 2112 941 2149 Romanos
970 2118 1318 2155 commemorasset,
1341 2111 1430 2148 hoo*

198 2163 396 2212 adjunxit:
426 2163 558 2209 Pater,
593 2166 729 2214 inquit,
763 2178 877 2209 meas,
913 2163 1123 2207 Hamilcar,
1153 2164 1311 2211 puerulo
1344 2176 1409 2207 me,

197 2221 316 2265 utpote
335 2229 407 2252 non
425 2218 584 2264 amplias
616 2230 743 2254 novem
763 2231 879 2255 annos
897 2223 994 2261 nam,
1023 2218 1063 2253 in
1091 2215 1317 2264 Hispaniam
1346 2217 1409 2251 im-

195 2275 345 2317 perator
361 2269 597 2319 proficiscens
629 2270 866 2319 Carthagine,
888 2269 976 2306 Jovz'
993 2271 1122 2317 optimo
1151 2271 1305 2304 maximo
1332 2269 1410 2304 lios-

199 2322 271 2357 tz'as
291 2322 502 2357 immolavit.
564 2321 654 2368 Qaae
682 2324 810 2359 divina
843 2335 904 2359 res
923 2323 1010 2358 clam
1030 2321 1297 2372 conficzebaiur,
1317 2334 1410 2369 qaa-

197 2375 284 2410 sivit
302 2387 325 2409 a
345 2387 411 2418 me,
432 2375 606 2411 vellemne
626 2387 748 2411 secam
767 2377 807 2411 in
828 2382 953 2411 castra
968 2374 1155 2425 prqficz'sci
1172 2375 1190 2409 ,2
1238 2373 1285 2409 Ia
1304 2386 1412 2422 qaam

198 2426 351 2463 libenter
370 2428 602 2473 accepissem,
624 2432 730 2474 atque
751 2427 796 2462 ab
816 2439 856 2463 eo
876 2433 1001 2474 petere
1022 2428 1218 2473 coepissem,
1239 2439 1283 2463 ize
1308 2426 1410 2462 aubi-

197 2484 290 2516 taret
309 2480 441 2516 ducere
457 2492 475 2524 ;
506 2484 579 2515 tam
598 2480 672 2523 ille,
681 2477 843 2528 faciam,
865 2480 992 2527 inquit,
1009 2479 1166 2530 sifidem
1185 2479 1284 2523 mihi,
1305 2491 1412 2527 quam

197 2532 350 2579 postulo,
371 2533 532 2569 dederis.
595 2530 716 2568 Simul
732 2543 786 2568 me
805 2532 855 2568 ad
873 2544 978 2568 aram
997 2532 1162 2576 adduxti,
1183 2532 1285 2580 apud
1303 2544 1412 2580 qaam

781 2583 828 2619 8*

1441 1007 1463 1039 N>
