1651 2790
216 219 267 255 12
577 214 605 254 1.
656 219 695 264 5,
718 219 757 254 6.
809 212 1075 267 (Miltiades.)

211 320 327 358 tores,
347 312 411 360 qui
432 312 618 349 exercitui
640 318 862 360 praeessent,
884 311 923 347 in
944 310 1001 347 eis
1023 309 1250 347 Miltiadem.
1306 309 1408 346 Inte!

213 378 307 413 quos
334 377 472 414 magna
499 364 569 400 fuit
595 364 799 408 contentio,
819 371 941 399 utrum
959 364 1145 399 moenibus
1166 375 1208 398 se
1230 361 1410 398 defende-

212 425 308 463 rent,
343 430 390 453 an
427 416 577 453 obviam
604 416 703 452 irent
734 416 919 460 hostibus,
949 415 1108 463 acieque
1143 415 1409 450 decernerent.

214 470 324 507 Unus
362 468 559 506 Miltiades
596 469 760 504 maxime
797 468 997 511 nitebatur,
1030 477 1070 503 ut
1106 467 1226 515 primo
1264 478 1411 514 quoque

213 529 383 580 tempore
405 528 530 557 castra
554 521 700 557 fierent.
757 520 802 557 Id
830 521 864 556 si
892 520 1032 556 factum
1062 526 1178 564 esset,
1200 527 1237 555 et
1266 518 1412 554 civibus

215 575 381 610 animum
409 585 668 618 accessurum,
695 585 808 620 quum
835 572 1020 617 viderent,
1041 572 1087 608 de
1118 583 1249 607 eorum
1275 571 1412 606 virmte

214 638 291 663 non
323 625 532 674 desperari,
562 632 600 661 et
630 625 762 661 hostes
799 625 934 661 eadem
966 637 1006 660 re
1040 624 1119 660 fore
1152 623 1351 667 tardiores,
1380 622 1413 658 si

215 678 570 722 animadverterent,
592 677 722 713 auderi
750 677 934 713 adversus
956 689 999 713 se
1023 684 1099 712 tam
1120 675 1269 724 exiguis
1291 674 1413 723 copiis

216 731 412 766 dimicare.

243 783 292 818 V.
322 782 410 819 Hoc
430 781 470 817 in
488 789 658 829 tempore
678 782 783 817 nulla
799 781 933 817 civitas
951 780 1251 817 Atheniensibus
1273 778 1413 814 auxilie

217 834 286 870 suit
304 841 439 883 praeter
454 834 704 871 Plataeenses.
752 833 813 869 Ea
826 834 930 869 mille
947 833 1049 869 misit
1063 832 1235 868 militum.
1282 831 1414 878 ltaque

216 887 351 922 horum
370 886 533 922 adventu
558 886 694 921 decem
718 886 824 921 milia
853 892 1076 921 armatorum
1097 884 1285 932 completa
1304 890 1412 919 sunt:

219 951 300 986 quae
314 951 448 974 manus
463 938 627 974 mirabili
648 938 829 986 flagrabat
847 937 1041 986 pugnandi
1062 936 1280 985 cupiditate.
1330 935 1416 977 Quo

219 991 359 1027 factum
388 998 458 1035 est,
480 997 521 1026 ut
548 990 646 1038 plus,
675 1003 787 1037 quam
816 990 986 1038 collegae,
1016 988 1214 1025 Miltiades
1241 987 1415 1023 valuerit.

220 1042 316 1091 Ejus
352 1042 572 1078 auctoritate
604 1042 758 1090 impulsi
789 1041 1050 1078 Athenienses
1085 1041 1216 1089 copias
1249 1052 1297 1076 ex
1323 1040 1415 1075 urbe

220 1096 442 1139 eduxerunt,
457 1095 617 1142 locoque
634 1095 772 1130 idoneo
790 1101 914 1130 castra
933 1093 1119 1130 fecerunt.
1154 1092 1307 1129 Deinde
1327 1104 1416 1140 pos-

218 1157 300 1183 tero
321 1147 383 1183 die
404 1148 472 1183 sub
498 1146 637 1183 montis
657 1147 864 1191 radicibus,
885 1146 969 1182 acie
990 1159 1010 1182 e
1037 1145 1194 1193 regione
1221 1144 1416 1188 instructa,

218 1211 317 1235 nova
345 1206 437 1243 arte,
463 1199 502 1234 vi
531 1212 676 1235 summa
703 1199 876 1247 proelium
905 1198 1185 1234 commiserunt.
1241 1197 1416 1244 Namque

221 1252 374 1287 arbores
408 1251 535 1286 multis
568 1252 666 1287 locis
696 1258 802 1287 erant
831 1258 966 1295 stratae,
995 1250 1069 1286 hoc
1105 1249 1280 1293 consilio,
1307 1256 1348 1284 ut
1381 1255 1417 1284 et

221 1303 402 1349 montium
429 1311 647 1351 tegerentur
676 1303 885 1347 altitudine,
908 1310 944 1338 et
973 1303 1145 1338 arborum
1171 1309 1293 1337 tractu
1315 1301 1417 1348 equi-

220 1362 318 1391 tatus
345 1355 511 1391 hostium
530 1356 786 1404 impediretur,
805 1368 853 1391 ne
880 1355 1117 1391 multitudine
1140 1353 1416 1390 clauderentur.

224 1407 347 1451 Datis,
365 1407 437 1443 etsi
453 1420 528 1443 non
550 1420 695 1455 aequum
713 1408 839 1444 locum
854 1408 1007 1443 videbat
1026 1406 1119 1450 suis,
1139 1414 1278 1450 tamen,
1298 1405 1418 1441 fretus

220 1472 377 1495 numero
409 1460 602 1507 copiamm
633 1472 796 1503 suarum,
827 1460 1033 1507 confligere
1065 1458 1262 1506 cupiebat:
1296 1470 1417 1505 eoque

221 1512 356 1559 magis,
372 1512 482 1558 quod,
502 1512 719 1560 priusquam
740 1511 1024 1548 Lacedaemonii
1044 1510 1216 1546 subsidio
1232 1510 1417 1554 venirent,

223 1563 403 1599 dimicare
434 1564 526 1600 utile
558 1564 812 1600 arbitrabatur.
868 1564 998 1611 Itaque
1031 1563 1069 1598 in
1099 1563 1223 1598 aciem
1250 1562 1418 1609 peditum

225 1623 387 1659 centum,
426 1616 592 1663 equitum
629 1616 765 1651 decem
800 1616 906 1651 milia
947 1615 1132 1662 produxit,
1170 1613 1418 1661 proeliumque

225 1668 424 1703 commisit.
480 1668 525 1703 In
553 1680 626 1714 quo
654 1675 754 1702 tanto
782 1668 867 1714 plus
888 1667 1022 1702 virtute
1042 1666 1240 1701 valuerunt
1260 1665 1418 1701 Atheni-

278 1757 294 1771 o
383 1731 511 1762 611363,
530 1726 570 1754 111
599 1718 877 1766 decemplicem
908 1730 1105 1754 numerum
1137 1717 1302 1753 hostium
1335 1729 1419 1765 pro-

233 1757 320 1820 ἒρῑῖξζ,
382 1771 568 1818 fligaiint3
599 1770 769 1817 adeoque
800 1778 1092 1819 perterruerunt,
1116 1777 1156 1805 ut
1186 1769 1316 1805 Persae
1343 1782 1420 1806 non

223 1822 321 1879 a4d³⁰n
385 1829 520 1866 castra,
542 1822 612 1858 sed
643 1835 764 1858 naves
797 1821 987 1870 petierint.
1045 1822 1131 1863 Qua
1163 1834 1291 1870 pugna
1322 1822 1419 1858 nihil

243 1873 248 1878 '
287 1872 292 1878 '
326 1872 332 1878 “
384 1874 507 1909 adhuc
529 1881 588 1910 est
605 1874 793 1918 nobilius;
822 1874 926 1910 1111113
946 1873 1048 1909 6111111
1066 1886 1238 1921 umquam
1259 1881 1335 1909 tam
1356 1886 1420 1909 ex·

226 1927 316 1974 igua
334 1938 466 1961 manus
487 1933 610 1961 tantas
630 1938 723 1974 opes
743 1926 954 1974 prostravit.

279 1978 349 2014 VI.
381 1978 499 2026 Cujus
518 1978 686 2013 victoriae
713 1990 789 2013 non
818 1977 984 2013 alienum
1013 1977 1162 2013 videtur
1188 1978 1298 2025 quale
1327 1991 1419 2026 prae-

227 2030 342 2066 mium
361 2030 527 2066 Miltiadi
546 2030 596 2065 sit
613 2029 800 2074 tributum,
821 2030 973 2074 docere,
993 2042 1065 2077 quo
1085 2029 1236 2066 facilius
1257 2030 1420 2079 intelligi

228 2082 361 2131 possit,
371 2081 544 2118 eamdem
555 2082 721 2117 omnium
734 2082 925 2117 civitatum
939 2094 1028 2117 esse
1041 2089 1223 2117 naturam.
1254 2083 1306 2119 Ut
1319 2084 1420 2119 enim

227 2133 357 2182 populi
384 2133 504 2169 nostri
530 2133 694 2169 honores
723 2133 911 2181 quondam
938 2133 1088 2169 fuerunt
1109 2135 1182 2170 rari
1209 2142 1247 2170 et
1270 2142 1420 2180 tenues,

228 2187 275 2222 ob
302 2198 459 2233 eamque
492 2198 646 2221 causam
676 2185 855 2233 gloriosi3
884 2197 983 2221 nunc
1016 2192 1141 2221 autem
1169 2186 1281 2222 effusi
1310 2194 1419 2235 atque

229 2238 412 2274 obsoleti:
444 2237 501 2273 sic
531 2237 623 2273 olim
652 2237 750 2284 apud
770 2236 1028 2273 Athenienses
1055 2237 1175 2274 fuisse
1194 2239 1419 2286 reperimus.

179 2293 187 2302 '
230 2289 404 2336 Namque
430 2289 520 2325 huic
546 2288 724 2333 Miltiadi,
744 2288 807 2336 qui
827 2288 997 2325 Athenas
1021 2296 1209 2347 totamque
1233 2291 1422 2327 Graeciam

229 2341 418 2386 liberarat,
454 2341 542 2377 talis
587 2340 708 2377 honos
750 2340 908 2376 tributus
956 2348 1014 2376 est
1058 2342 1098 2377 in
1142 2343 1301 2390 porticu,
1339 2355 1421 2390 quae

231 2398 299 2429 Πο·
303 2395 383 2436 κίλη
403 2401 569 2437 vocatur,
590 2405 703 2440 quum
726 2405 854 2441 pugna
876 2389 1143 2441 depingeretur
1168 2394 1420 2439 Marathonia,

230 2451 270 2481 ut
287 2444 327 2481 in
346 2445 482 2481 decem
509 2453 707 2493 praetorum
725 2456 881 2480 numero
910 2445 1029 2492 prima
1049 2446 1132 2493 ejus
1151 2445 1278 2493 imago
1304 2457 1420 2495 pone-
