1651 2790
356 195 498 237 XXV.
558 201 591 237 1.
652 196 719 250 (Τ.
743 195 1003 252 Pomponius
1024 199 1219 250 Atticus.)
1338 203 1391 240 97

189 298 318 336 multis
346 305 512 336 tentatus
544 311 617 336 non
648 299 756 336 modo
787 299 938 336 nullum
967 299 1236 338 detrimentum
1265 302 1392 338 existi-

189 352 363 388 mationis
384 350 485 397 fecit,
507 352 584 397 sed,
606 352 731 401 quoad
751 353 856 396 vixit,
879 353 1062 388 virtutum
1086 353 1198 390 laudo
1220 356 1354 390 crevit.

239 403 307 441 III.
339 403 382 440 In
403 405 578 441 omnibus
599 405 713 441 rebus
733 405 921 453 singulari
943 404 1012 441 fuit
1044 406 1243 453 prudentia
1273 416 1307 443 (tt
1338 408 1390 443 in-

187 457 345 494 dustria.
395 457 499 493 Nam
519 464 556 493 et
576 457 745 507 agricola
766 457 913 502 sollers,
935 464 971 494 ct
993 459 1214 507 reipublic-ac
1235 472 1265 507 p
1285 460 1389 503 ritus,

185 518 222 547 et
251 510 352 559 juris
384 510 594 554 consultus,
616 517 654 546 ct
681 522 846 559 magnus
878 511 1092 559 imperator,
1116 519 1150 546 ct
1188 512 1392 559 probabilis

185 572 322 607 orator,
341 569 376 599 et
392 563 662 612 cupidissimus
682 563 896 599 litterarum
919 564 999 599 suit.
1032 563 1207 604 Quarum
1224 564 1389 601 studium

184 617 253 653 etsi
273 616 398 652 senior
415 616 643 664 arripuerat,
665 622 793 651 tamen
829 623 977 652 tantum
1011 628 1256 665 progressum
1288 618 1389 661 fecit,

187 675 227 705 ut
259 680 334 704 non
363 666 476 705 facile
498 669 667 716 reperire
701 668 831 717 possis,
855 680 979 716 neque
1009 668 1054 705 de
1085 668 1244 713 Graecis,
1267 682 1391 718 neque

186 720 230 758 [le
251 721 396 758 Italicis
424 720 550 764 rebus,
571 720 670 768 quod
699 721 735 757 ei
765 719 881 757 fuerit
911 721 1162 771 incognitum.
1221 722 1284 757 Ab
1306 722 1389 758 ado-

186 773 368 810 lescentia
402 772 567 809 confecit
600 774 802 809 orationes.
859 773 985 810 Senex
1015 774 1192 810 historias
1221 775 1389 810 scribere

186 826 355 869 instituit,
377 837 542 874 quarum
573 832 661 862 sunt
694 825 781 861 libri
815 833 973 874 septem.
1044 826 1194 862 Primus
1226 828 1391 863 eontinet

186 890 243 914 res
271 884 400 927 gestas
429 890 564 926 regum
594 878 722 926 populi
752 877 940 925 Romani3
973 879 1167 915 secundus
1188 888 1226 916 et
1244 880 1389 924 tertius,

185 930 282 967 unde
303 942 465 978 quaeque
486 930 623 966 civitas
642 937 723 967 orta
743 930 791 966 sit
819 930 978 968 Italica:
1009 932 1055 968 ob
1076 945 1190 980 quam
1213 945 1291 968 rem
1313 945 1389 969 om-

180 995 248 1019 nes
268 982 447 1032 Origines
465 982 615 1018 videtur
631 983 858 1032 appellasse.
888 983 931 1020 In
948 991 1082 1032 quarto
1100 991 1228 1020 autem
1245 985 1389 1021 bellum

181 1035 382 1072 Poenicum
411 1036 603 1084 primum,
637 1036 674 1070 in
709 1036 840 1083 quinto
862 1037 1090 1072 secundum.
1150 1037 1279 1086 Atque
1306 1037 1388 1074 haec

178 1089 308 1124 omnia
335 1088 575 1136 capitulatim
605 1095 694 1124 sunt
725 1087 840 1124 dicta.
899 1088 1141 1137 Reliquaque
1172 1090 1271 1126 bella
1306 1090 1388 1138 pari

180 1140 289 1176 modo
321 1147 546 1189 persecutus
567 1147 634 1185 est,
658 1153 779 1189 usque
813 1141 857 1176 ad
891 1148 1098 1190 praeturam
1133 1141 1216 1178 Ser.
1240 1142 1386 1186 Galbae,

178 1193 244 1241 qui
264 1192 419 1242 diripuit
447 1192 666 1229 Lusitanos.
726 1194 856 1241 Atque
886 1194 1022 1229 horum
1053 1194 1240 1230 bellorum
1271 1194 1389 1230 duces

178 1257 252 1281 non
273 1245 494 1290 nominavit,
513 1245 578 1281 sed
596 1246 678 1282 sine
694 1246 911 1281 nominibus
933 1258 993 1282 res
1009 1247 1164 1282 notavit.
1198 1246 1239 1283 In
1253 1246 1388 1285 iisdem

177 1298 363 1346 exposuit,
387 1310 474 1346 quae
507 1298 546 1333 in
575 1297 688 1334 Italia
721 1297 996 1347 Hispaniisque
1017 1299 1241 1335 viderentur
1270 1299 1386 1335 admi-

178 1349 311 1384 randa.
368 1349 410 1386 In
431 1350 571 1398 quibus
591 1350 713 1386 multa
734 1350 922 1387 industria
943 1357 979 1387 et
1007 1351 1206 1401 diligentia
1235 1364 1386 1400 compa-

178 1407 246 1445 ret,
268 1401 389 1437 multa
407 1401 594 1438 doctrina.
653 1401 784 1450 Hujus
805 1402 850 1439 de
871 1403 949 1439 vita
968 1409 1004 1438 et
1024 1404 1193 1440 moribus
1214 1404 1328 1452 plura
1347 1404 1386 1439 in

177 1465 221 1489 eo
241 1453 337 1489 libro
353 1454 545 1501 persecuti
565 1466 713 1497 sumus,
729 1466 844 1501 quem
865 1455 1071 1502 separatim
1092 1455 1138 1491 de
1159 1467 1203 1491 eo
1225 1455 1386 1492 fecimus

178 1511 312 1554 rogatu
342 1504 421 1541 Titi
442 1504 637 1554 Pomponii
658 1506 793 1542 Attici.
850 1505 983 1547 Quare
1017 1506 1202 1543 studiosos
1230 1507 1387 1543 Catonis

176 1556 224 1593 ad
243 1557 340 1593 illud
361 1557 539 1594 volumen
560 1557 799 1607 delagamuS.

187 1819 344 1868 XXV.
419 1822 480 1869 T.
519 1821 974 1869 POMPONIUS
1012 1821 1392 1870 ATTICUS.

228 2029 259 2067 I.
295 2029 337 2066 T.
366 2028 593 2078 Pomponius
626 2029 786 2074 Atticus,
816 2030 862 2066 ab
901 2030 1046 2079 origine
1086 2031 1221 2067 ultima
1258 2031 1384 2081 stirpis

177 2082 362 2119 Romanae
399 2090 617 2132 generatus,
658 2089 840 2132 perpetuo
879 2084 903 2118 a'
938 2082 1147 2130 majoribus
1185 2091 1384 2132 acceptam

177 2141 393 2182 equestrem
413 2135 575 2172 obtinuit
595 2135 832 2184 dignitatem.
865 2133 976 2171 Patre
998 2147 1091 2170 usus
1112 2141 1168 2171 est
1187 2135 1380 2183 diligente,

177 2186 411 2235 indulgente,
432 2193 480 2231 et,
502 2194 544 2223 ut
562 2194 643 2224 tum
663 2193 773 2224 erant
807 2194 988 2235 tempora,
1010 2186 1089 2231 diti,
1118 2187 1382 2236 imprimisque

178 2238 344 2275 studioso
378 2238 605 2275 litterarum.
663 2239 752 2284 Hic,
787 2247 897 2287 prout
930 2240 1010 2287 ipse
1042 2239 1192 2275 amabat
1224 2239 1380 2284 litteras,

178 2291 353 2328 omnibus
373 2289 564 2334 doctrinis,
586 2291 724 2338 quibus
754 2291 912 2339 puerilis
933 2299 1024 2327 aetas
1053 2291 1237 2339 impertiri
1257 2291 1381 2337 debet,

1420 569 1442 602 (ὑ

1420 778 1442 811 ΕΟ

179 2343 302 2380 filium
317 2342 494 2378 erudivit.
525 2342 622 2379 Erat
642 2351 769 2379 autem
790 2344 827 2378 in
849 2355 977 2391 puero,
992 2351 1129 2391 praeter
1148 2343 1380 2380 docilitatem
1409 2347 1431 2381 3

179 2395 336 2445 ingenii,
356 2407 506 2431 summa
525 2395 695 2431 suavitas
714 2395 790 2430 oris
814 2407 859 2431 ac
880 2395 995 2438 vocis,
1018 2401 1056 2431 ut
1083 2407 1156 2431 non
1176 2395 1298 2431 solum
1319 2408 1380 2433 ce-

180 2446 312 2485 leriter
330 2446 533 2496 acciperet,
554 2459 641 2496 quae
652 2446 910 2491 tradebantur,
932 2446 996 2482 sed
1012 2447 1127 2483 etiam
1146 2447 1383 2485 excellenter

810 2501 833 2534 9
