1651 2790
418 253 560 295 XXV.
621 258 687 294 22.
753 253 820 307 (T.
844 252 1105 308 Pomponius
1122 254 1287 295 Atticus
1308 276 1318 294 ι
1395 257 1474 295 109

264 368 288 392 α
306 356 408 393 vobis
423 362 506 404 peto
521 358 694 404 primum,
712 362 751 392 ut
771 356 963 403 consilium
976 356 1138 404 probetis
1152 369 1269 394 meum
1327 360 1470 404 deinde,

263 421 309 446 ne
315 408 474 458 frustra
494 410 717 446 dehortando
737 410 927 446 conemini.

318 461 443 499 XXII.
475 461 562 498 Hac
582 462 751 498 oratione
781 462 909 498 habita
939 467 1043 497 tanta
1064 463 1274 498 constantia
1300 464 1399 500 vocis
1420 471 1471 501 at-

261 526 338 563 que
359 515 500 559 vultus,
524 521 564 551 ut
583 526 656 550 non
678 527 725 551 ex
746 515 836 559 vita,
857 513 922 550 sed
943 526 991 550 ex
1012 513 1120 550 domo
1140 514 1178 550 in
1199 514 1351 550 domurn
1372 516 1472 553 vide-

261 574 369 604 retur
389 568 571 617 migrare,
599 580 719 616 quum
745 567 900 616 quidem
921 567 1097 616 Agrippa
1117 579 1205 602 eum
1234 568 1329 604 flens
1359 575 1471 617 atque

260 620 441 657 osculans
459 626 586 656 oraret
606 628 720 668 atque
740 621 970 664 obsecraret,
991 631 1039 655 ne
1060 618 1107 655 ad
1137 618 1186 663 id,
1208 619 1306 667 quod
1332 628 1470 658 natura

260 680 426 722 cogeret,
448 673 528 721 ipse
557 685 708 721 quoque
738 673 810 709 sibi
840 672 1088 715 acceleraret,
1110 678 1157 715 et,
1180 673 1359 719 quoniam
1389 680 1470 710 tum

259 737 410 775 quoque
431 732 555 775 posset
575 726 807 774 temporibus
833 737 1045 774 superesse,
1067 737 1107 760 se
1126 725 1198 760 sibi
1229 726 1384 774 suisque
1414 738 1468 762 re-

258 785 441 823 servaret,
457 790 590 826 preces
609 778 692 826 ejus
713 779 904 815 taciturna
924 790 994 814 sua
1009 777 1257 814 obstinatione
1271 778 1466 826 depressit.

258 829 325 867 Sic
345 843 465 878 quum
487 830 644 866 biduum
671 831 756 867 cibo
777 843 817 867 se
839 831 1094 873 abstinuisset,
1116 830 1240 867 subito
1270 830 1386 867 febris
1407 831 1467 867 de-

257 883 384 928 cessit,
406 883 602 931 leviorque
623 883 778 920 morbus
796 896 878 920 esse
900 883 1029 932 coepit.
1067 882 1216 919 Tamen
1238 884 1468 932 ‘propositum

256 935 374 972 nihilo
393 937 521 973 secius
541 936 701 985 peregit.
759 935 893 984 Itaque
923 935 983 972 die
1004 935 1134 984 quinto
1168 943 1260 984 post,
1282 949 1397 983 quam
1431 937 1468 973 id

255 989 459 1033 consilium
480 989 630 1033 inierat,
651 989 771 1037 pridie
792 988 985 1025 Calendas
1005 988 1174 1037 AprileS,
1195 987 1266 1024 Cn.
1288 988 1466 1034 Domitio,

255 1039 300 1077 C.
323 1041 429 1078 Sosio
449 1041 556 1078 Coss.
579 1040 755 1078 decessit.
813 1041 952 1078 Elatus
972 1048 1029 1078 est
1052 1042 1091 1076 in
1112 1040 1304 1085 lecticula,
1327 1048 1367 1077 ut
1387 1042 1466 1090 ipse

255 1095 551 1143 praescripserat,
587 1095 670 1130 sine
710 1094 790 1130 ulla
828 1107 964 1143 pompa
998 1093 1157 1137 funeris,
1198 1094 1467 1131 comitantibus

253 1147 430 1184 omnibus
450 1147 569 1192 bonis,
591 1147 760 1184 maxima
780 1147 888 1196 vulgi
924 1146 1152 1195 frequentia.
1209 1145 1392 1195 Sepultus
1411 1154 1468 1184 est

252 1198 363 1248 juxta
382 1200 487 1236 viam
507 1200 689 1249 Appiam,
705 1200 752 1236 ad
772 1200 948 1249 quintum
969 1198 1148 1236 lanidem,
1163 1198 1202 1234 in
1223 1205 1468 1237 monumento

255 1250 305 1294 Q.
327 1251 488 1298 Caecilii,
510 1253 698 1290 avunculi
717 1253 792 1290 sui.
