1651 2790
154 922 178 954 CI

153 2175 175 2207 R‘?

159 2381 178 2415 3

212 193 267 229 64
448 189 543 230 Xv,
605 195 737 239 9,10.
801 188 1170 245 (Epamznondas.)

208 290 375 339 putabat,
396 291 506 339 quod,
528 291 618 340 quid
639 292 790 337 diceret,
812 305 886 329 non
906 292 1074 329 haberet.
1133 293 1186 329 At
1205 292 1270 328 1110
1291 291 1329 328 111
1345 292 1390 341 ju

209 342 352 379 dicium
372 344 496 380 venit:
525 344 620 380 nihil
647 357 778 380 eorum
798 345 964 394 negavit,
986 357 1072 393 quoe
1099 344 1307 381 adversarii
1335 345 1405 380 cri.

208 395 301 431 mini
321 395 472 441 dabant,
489 398 702 445 omniaque,
724 409 808 445 quae
829 397 986 446 collegae
1006 397 1190 441 dixerant,
1212 395 1407 433 consessus

208 454 275 492 est,
297 459 421 496 neque
446 449 649 493 recusavit,
671 462 745 498 quo
765 450 892 485 minus
925 449 1021 498 legis
1055 461 1208 498 poenam
1237 449 1404 495 subiret3

207 499 272 535 sed
293 512 412 536 unum
434 501 480 537 ab
500 502 546 538 iis
576 502 716 549 petivit,
739 509 779 538 ut
799 502 838 538 in
859 502 1027 550 periculo
1047 514 1115 537 suo
1135 501 1406 537 inscriberent:

208 551 487 600 Epaminondas
517 567 540 590 a
576 552 758 590 Thebanis
787 560 897 591 morte
928 554 1101 590 multatus
1131 559 1195 597 est,
1227 554 1322 601 quod
1347 566 1408 590 eos

208 606 322 653 coegit
340 606 440 651 apud
459 604 619 643 Leuctra
637 619 812 653 superare-
833 605 1136 650 Lacedaemonios,
1158 618 1246 652 quos
1267 611 1349 642 ante
1369 617 1408 641 se

207 663 456 704 znzperatorem
492 671 594 695 nemo
630 657 851 695 Boeolioram
888 671 1004 694 ausas
1028 656 1114 706 fait
1147 658 1338 704 adspicere
1368 659 1408 693 in

206 711 285 746 acie
301 723 319 754 ;
348 711 512 758 quodque
540 723 612 746 uno
638 712 768 758 proelio
795 723 866 747 non
885 711 1000 746 solam
1026 709 1169 746 Thebas
1197 710 1242 745 ab
1261 711 1409 745 interitu

205 764 368 807 retraxit,
389 764 455 799 secl
475 765 581 799 etiam
600 765 808 800 universam
838 762 1018 799 Graeciam
1047 764 1085 797 in
1115 762 1312 798 libertatem
1331 763 1408 798 vin-

207 815 355 859 dicavit,
377 827 485 863 eoque
504 828 565 852 res
584 822 815 863 utrorumque
838 816 1024 863 perclaaez't,
1046 820 1084 850 at
1110 813 1273 850 Thebani
1296 812 1407 861 Spar-

207 873 279 902 tam
309 873 569 915 oppugnarent,
601 867 869 904 Lacedaemoniz'
898 869 991 902 satis
1028 867 1284 911 71aherent,sz·
1312 866 1408 902 salvz

207 931 285 956 esse
300 916 483 966 pos'sent·
465 948 478 964 ,
511 932 625 968 neque
639 922 749 967 prius
776 920 911 956 bellare
931 920 1076 962 aestima
1097 931 1203 967 qaam
1231 917 1409 955 DIessena

207 973 400 1008 constituta
431 972 554 1009 arbem
588 985 711 1009 eorum
741 972 924 1008 obsidione
959 972 1103 1008 clausit.
1161 971 1256 1007 Haec
1289 983 1408 1019 quum

207 1024 374 1068 dixisset,
390 1025 489 1061 risus
509 1026 678 1061 omnium
700 1037 789 1061 cum
810 1025 999 1060 hilaritate
1013 1030 1163 1059 coortus
1176 1030 1253 1059 est:
1283 1035 1408 1070 neque

206 1078 408 1125 quisquam
433 1077 552 1125 judex
574 1089 690 1113 ausus
719 1083 774 1113 est
794 1076 839 1113 de
859 1089 904 1112 eo
924 1076 1023 1123 ferre
1044 1075 1284 1125 suffragium.
1342 1076 1408 1111 Sic

207 1142 228 1165 a
245 1129 390 1177 judicio
410 1130 545 1178 capitis
565 1130 732 1165 maxima
752 1129 924 1165 discessit
943 1129 1078 1177 gloria.

259 1181 328 1218 IX.
362 1181 437 1218 Hic
458 1188 627 1218 extremo
647 1188 813 1230 tempore
834 1181 1036 1230 imperator
1052 1179 1151 1229 apud
1173 1179 1408 1217 Mantineam

205 1246 324 1282 quum
346 1235 428 1269 acie
449 1234 636 1270 instructa
656 1234 842 1270 audacius
861 1234 1019 1269 instaret
1039 1233 1172 1276 hostes,
1195 1233 1369 1281 cognitus
1386 1245 1408 1268 a

205 1285 519 1330 Lacedaemonfis,
541 1286 639 1334 quod
659 1286 697 1321 in
719 1286 833 1321 unius
854 1285 1022 1333 pernicie
1043 1285 1127 1333 ejus
1148 1285 1277 1333 patriae
1297 1285 1408 1320 sitam

205 1338 388 1386 putabant
408 1338 582 1382 salutem,
605 1338 696 1374 univ
700 1338 774 1374 0131
808 1338 846 1373 111
869 1350 988 1372 unum
1017 1338 1197 1385 impetum
1221 1335 1406 1381 secenum,

205 1402 329 1442 neque
361 1391 466 1438 1111113
501 1391 778 1434 abscesserunt,
813 1402 929 1438 quam
964 1402 1104 1438 1111101111
1143 1388 1246 1425 caede
1286 1364 1407 1437 [factti

205 1439 412 1490 multisque
432 1442 586 1491 occisis]
609 1442 809 1478 scitissime
830 1443 955 1490 ipsum
979 1421 1284 1490 Epaminondam
1315 1453 1407 1490 pug-

204 1501 371 1538 nantem,
407 1507 517 1543 spaio
551 1495 701 1530 eminus
726 1506 963 1543 11010113311111,
994 1493 1196 1529 concide1e
1217 1492 1406 1529 viden-,unt

206 1546 335 1595 Hujus
362 1559 456 1583 casu
486 1547 724 1595 aliquantum
756 1546 936 1582 retardati
965 1552 1054 1581 sunt
1088 1545 1250 1591 Boeotii;
1282 1557 1407 1593 neque

204 1605 331 1635 tamen
352 1599 457 1647 prius
478 1611 607 1648 pugna
626 1605 883 1642 excesserunt,
906 1610 1022 1646 quam
1044 1604 1300 1646 repugnantes
1326 1610 1406 1646 pro-

205 1651 398 1699 fligarunt.
441 1651 495 1687 At
515 1651 800 1699 Epaminondas
820 1663 938 1698 quum
961 1649 1290 1693 animadverteret,
1312 1662 1406 1685 mor-

204 1703 358 1739 tiferum
388 1716 427 1739 30
449 1703 590 1739 vulnus
615 1703 822 1751 accepisse,
851 1702 1055 1749 simulque,
1077 1701 1108 1736 si
1130 1700 1286 1745 ferrum,
1309 1701 1406 1749 quod

204 1767 251 1791 ex
280 1755 406 1791 hastili
435 1756 474 1790 in
508 1767 664 1803 corpore
696 1760 943 1797 remanserat,
974 1753 1210 1796 extraxisset,
1242 1754 1407 1790 animam

205 1807 329 1842 statim
351 1807 580 1842 emissurum
596 1820 603 1842 :
635 1819 755 1854 usque
771 1819 814 1842 eo
829 1806 994 1849 retinuit,
1010 1805 1131 1853 quoad
1150 1806 1406 1841 renuntiatum

206 1866 272 1900 est,
291 1859 426 1894 vicisse
440 1858 619 1895 Boeotios.
668 1858 709 1894 Id
730 1865 927 1906 postquam
949 1857 1116 1902 audivit;
1147 1859 1250 1901 satis,
1273 1857 1405 1905 inquit,

205 1912 280 1946 vimi
297 1925 310 1946 .·
340 1912 497 1946 invictas
526 1912 620 1946 enim
647 1912 791 1946 morior.
850 1909 953 1945 Tum
989 1908 1088 1945 ferro
1122 1916 1291 1945 extracto
1321 1922 1406 1945 con-

207 1962 329 1999 festim
349 1963 588 1999 exanimatus
607 1970 675 1999 est.

259 2014 306 2051 X.
340 2014 416 2051 Hic
437 2027 595 2051 uxorem
624 2027 834 2062 numquam
862 2013 982 2049 duxit.
1041 2013 1083 2049 In
1104 2026 1178 2062 quo
1198 2026 1317 2061 quum
1348 2026 1403 2049 re-

206 2067 515 2116 prehenderetur,
536 2066 635 2114 quod
655 2066 793 2102 liberos
812 2078 884 2102 non
903 2066 1149 2113 relinqueret,
1172 2078 1193 2101 a
1214 2065 1405 2114 Pelopida,

205 2120 270 2167 qui
290 2119 412 2154 filium
433 2119 594 2155 habebat
614 2118 807 2163 infamem,
830 2118 1006 2166 maleque
1027 2130 1115 2154 eum
1145 2117 1183 2152 in
1204 2131 1246 2153 eo
1276 2118 1407 2166 patriae

206 2172 403 2207 consulere
424 2171 589 2208 diceret:
619 2172 714 2215 vide,
735 2171 868 2219 inquit,
889 2183 933 2206 ne
955 2177 992 2206 tn
1012 2170 1121 2218 pejus
1142 2171 1325 2214 consulas,
1346 2182 1407 2217 qut

206 2225 312 2260 talem
332 2236 374 2260 ea:
394 2230 426 2260 te
444 2230 567 2260 natam
586 2224 782 2260 relicturus
801 2224 868 2259 sis.
926 2221 1056 2270 Neque
1077 2234 1161 2258 vero
1189 2224 1302 2269 stirps
1321 2222 1406 2258 mihz

201 2282 317 2323 potest
350 2277 487 2312 deesse.
545 2274 714 2323 Namque
748 2288 790 2312 ea*
821 2287 874 2311 me
905 2281 1027 2311 natam
1055 2275 1219 2322 relinquo
1244 2287 1406 2322 pugnam

207 2326 448 2372 Leuctricam,
470 2341 549 2376 qva}
577 2341 648 2364 non
676 2329 779 2364 moa'o
798 2328 886 2363 mz'lzi
909 2333 1105 2374 superstes,
1126 2328 1192 2362 sed
1220 2329 1326 2363 etiam
1345 2327 1406 2361 im-

206 2381 368 2416 mortalis
395 2383 443 2416 sit
474 2393 620 2418 necesse
649 2386 714 2416 est.
772 2380 860 2421 Quo
889 2386 1068 2427 tempore,
1090 2379 1187 2414 duce
1218 2377 1406 2426 Pelopida,

208 2432 358 2468 exsules
380 2432 534 2469 Thebas
554 2438 802 2482 occuparunt,
825 2438 861 2468 et
885 2431 1104 2482 praesidium
1125 2429 1404 2467 Lacedaemoni-
