1651 2790
561 229 614 269 X.
656 234 754 278 7‚8.
812 231 973 282 (Dion.)
1308 238 1362 274 45

168 327 250 366 haec
271 326 462 364 sententia
482 334 562 364 est:
595 327 684 364 Non
716 339 833 375 posse
867 328 965 364 bene
987 328 1067 376 geri
1096 331 1367 378 rempublicam

167 381 367 418 multorum
399 379 584 427 imperiis.
642 379 755 422 Quod
788 379 930 415 dictum
947 392 1086 428 magna
1114 381 1258 418 invidia
1278 395 1367 419 con-

168 440 301 470 secuta
321 440 391 468 est.
448 431 623 480 Namque
644 431 843 480 aperuisse
863 431 1071 476 videbatur,
1092 433 1217 469 omnia
1240 434 1279 470 in
1299 447 1368 471 sua

167 492 353 534 potestate
371 496 459 520 esse
475 485 591 521 velle.
632 484 745 521 Hanc
766 483 832 520 ille
852 496 928 520 non
948 484 1069 520 lenire
1090 485 1285 533 obsequio,
1299 487 1367 523 sed
1396 491 1416 523 5

167 537 372 574 acerbitate
394 536 607 584 opprimere
629 536 783 581 studuit,
805 536 1142 584 Heraclidcmque,
1162 550 1274 585 quum
1296 539 1368 587 Sy-

168 602 323 626 racusas
343 588 526 633 venisset,
547 589 853 625 interficiendum
873 589 1030 625 curavit.

220 642 310 678 VII.
367 640 480 683 Quod
512 641 651 678 sactum
681 640 855 677 omnibus
875 641 1078 677 maximum
1107 641 1280 678 timorem
1311 643 1367 679 in·
1399 647 1414 680 1

164 695 269 744 jecit.
335 693 461 730 Nemo
492 694 604 739 enim,
637 694 704 730 illo
733 693 947 739 interfecto,
981 706 1024 730 se
1055 701 1174 730 tutum
1202 695 1365 742 putabat.

167 747 238 784 llle
271 753 408 790 autem,
440 745 661 782 adversario
693 752 850 791 remoto,
879 746 1060 782 licentius
1095 758 1226 783 eorum
1257 747 1367 792 bona,

165 811 259 848 quos
281 798 429 835 sciebat
455 798 638 835 adversus
660 811 703 834 se
724 798 911 844 sensisse,
939 798 1121 835 militibus
1142 798 1366 847 dispertivit.

166 851 315 893 Quibus
335 850 483 896 divisis,
511 864 625 899 quum
643 851 852 909 quotidiani
879 850 1034 887 maximi
1053 851 1189 887 fierent
1208 859 1365 896 sumtus,
1393 855 1416 889 2

165 903 343 940 celeriter
361 903 526 951 pecunia
546 903 704 940 deesse
709 903 834 960 coepit,
853 916 991 951 neque,
1006 915 1079 951 quo
1098 916 1231 940 manus
1250 904 1367 952 porri-

165 962 283 1004 geret,
313 957 548 1004 suppetebat,
576 956 654 992 nisi
682 955 721 992 in
748 955 955 992 amicorum
979 956 1265 1004 possessiones.
1322 956 1367 993 Id

163 1007 379 1057 huJusmodi
413 1016 503 1053 erat,
530 1015 581 1053 ut,
607 1020 722 1056 quum
750 1008 892 1044 milites
926 1008 1230 1052 reconciliasset,
1262 1009 1367 1044 amit-

162 1067 261 1097 teret
292 1060 505 1108 optimates.
563 1037 734 1103 Quarum
762 1073 889 1097 rerum
922 1065 1012 1097 cura
1040 1060 1294 1109 frangebatur,
1329 1069 1367 1097 et
1395 1066 1416 1098 3

163 1112 336 1149 insuetus
355 1114 454 1150 male
476 1113 656 1150 audiendi
683 1125 760 1149 non
780 1125 884 1161 aequo
912 1113 1036 1149 animo
1066 1112 1221 1158 ferebat,
1243 1113 1290 1149 de
1321 1126 1364 1149 se

164 1166 210 1201 ab
240 1164 289 1201 iis
309 1166 408 1202 male
443 1165 666 1210 existimari,
700 1177 857 1212 quorum
881 1165 1008 1214 paullo
1040 1172 1126 1201 ante
1157 1165 1196 1201 in
1230 1165 1366 1202 coelum

163 1216 286 1254 fuerat
319 1218 440 1255 elatus
459 1218 648 1255 laudibus.
704 1218 853 1266 Vulgus
878 1225 1016 1262 autem,
1037 1217 1185 1254 offensa
1216 1217 1255 1254 in
1280 1230 1366 1254 eum

162 1270 323 1306 militum
343 1271 548 1316 voluntate,
567 1270 726 1308 liberius
754 1270 988 1318 loquebatur,
1009 1277 1047 1306 et
1072 1277 1272 1319 tyrannum
1290 1282 1367 1306 non

163 1321 360 1358 ferendum
379 1323 586 1360 dictitabat.

217 1374 330 1410 VIII.
360 1374 456 1410 Haec
470 1376 534 1411 ille
548 1375 712 1419 intuens,
728 1387 852 1422 quum,
868 1374 1182 1422 quemadmodum
1201 1374 1365 1419 sedaret,
1397 1377 1410 1412 1

163 1426 344 1470 nesciret,
358 1434 406 1471 et,
419 1439 596 1474 quorsum
612 1427 828 1471 evaderent,
841 1427 991 1463 timeret
1005 1441 1014 1471 3
1046 1427 1273 1463 Callicrates
1286 1427 1367 1474 qui-

166 1478 264 1522 dam,
285 1478 380 1514 civis
402 1478 667 1523 Atheniensis,
687 1479 750 1526 qui
780 1478 893 1514 simul
922 1491 1008 1514 cum
1028 1491 1073 1514 eo
1095 1491 1143 1514 ex
1177 1479 1366 1527 Pelopon-

164 1542 259 1566 neso
272 1530 312 1565 in
333 1530 508 1566 Siciliam
519 1538 686 1575 venerat,
706 1530 818 1566 homo
839 1537 876 1566 et
896 1531 1056 1566 callidus
1072 1537 1109 1566 et
1129 1530 1176 1566 ad
1196 1530 1366 1567 fraudem

166 1589 310 1626 acutus,
332 1581 415 1618 sine
435 1583 514 1619 ulla
546 1583 732 1631 religione
754 1595 799 1618 ac
829 1582 916 1627 fide,
946 1583 1023 1618 adit
1049 1582 1096 1618 ad
1130 1582 1307 1627 Dionem,
1329 1590 1366 1619 et

165 1634 238 1670 ait:
271 1647 358 1670 eum
388 1634 459 1684 [in]
482 1647 618 1683 magno
620 1614 809 1683 Opericulo
831 1647 918 1670 esse
939 1642 1091 1683 propter
1113 1635 1366 1671 offensionem
1392 1638 1415 1671 2

163 1687 294 1744 populi
315 1693 352 1722 et
371 1687 498 1723 odium
510 1688 681 1731 militum,
694 1687 793 1743 quod
808 1687 912 1723 nullo
931 1687 1042 1723 modo
1057 1687 1199 1723 evitare
1219 1694 1363 1735 posset,

163 1739 239 1775 nisi
260 1738 375 1775 alicui
406 1752 559 1775 suorum
577 1739 771 1787 negotium
791 1739 907 1783 daret,
928 1739 991 1786 qui
1012 1752 1054 1775 se
1085 1740 1280 1775 simularet
1308 1739 1365 1776 illi

164 1790 372 1827 inimicum.
430 1792 555 1834 Quem
575 1792 608 1827 si
629 1791 842 1827 invenisset
862 1791 1052 1836 idoneum,
1067 1791 1180 1827 facile
1198 1791 1365 1828 omnium

165 1844 311 1879 animos
349 1844 597 1892 cogniturum,
636 1843 948 1891 adversariosque
987 1844 1230 1888 sublaturum,
1267 1844 1365 1891 quod

164 1895 311 1932 inimici
350 1896 432 1944 ejus
468 1896 673 1932 dissidenti
720 1908 809 1932 suos
849 1908 986 1932 sensus
1025 1895 1190 1944 aperturi
1228 1896 1362 1932 forent.

165 1947 254 1984 Tali
275 1948 436 1984 consilio
455 1949 610 1997 probato
625 1948 778 1997 excepit
797 1947 866 1984 has
879 1956 1006 1996 partes
1022 1949 1106 1997 ipse
1125 1949 1364 1993 Callicrates,
1394 1951 1416 1984 3

166 2007 203 2036 et
215 2012 258 2036 se
275 2007 391 2036 armat
403 2000 653 2049 imprudentia
675 2000 826 2037 Dionis.
882 2000 943 2036 Ad
959 2013 1045 2036 eum
1061 2000 1366 2037 interficiendum

166 2052 294 2088 socios
305 2053 491 2100 conquirit
501 2067 509 2097 ;
527 2053 764 2089 adversarios
775 2053 857 2102 ejus
869 2053 1057 2097 convenit,
1068 2053 1366 2101 conjurationem

165 2105 371 2140 confirmat.
428 2104 522 2149 Res,
554 2105 682 2142 multis
713 2104 883 2141 consciis
913 2117 994 2152 quae
1029 2112 1235 2153 gereretur,
1267 2105 1366 2141 elata
1393 2107 1414 2140 4

165 2156 331 2192 defertur
350 2156 398 2192 ad
423 2156 728 2202 Aristomachen,
762 2169 931 2193 sororem
965 2157 1115 2201 Dionis,
1134 2168 1363 2204 uxoremque

168 2212 321 2243 Areten.
388 2209 468 2244 Illae
499 2209 632 2245 timore
666 2209 871 2258 perterritae
901 2209 1140 2252 conveniunt,
1172 2209 1278 2257 cujus
1312 2209 1360 2244 de

165 2260 336 2307 periculo
364 2260 555 2296 timebant.
612 2262 662 2297 At
681 2262 746 2297 ille
768 2269 893 2309 negat,
915 2274 936 2296 a
961 2261 1166 2297 Callicrate
1188 2261 1270 2296 fieri
1291 2260 1365 2296 sibi

166 2312 338 2355 insidias,
373 2311 442 2347 sed
474 2312 552 2356 illa,
583 2325 664 2359 quae
697 2321 910 2361 agerentur,
944 2313 1026 2348 fieri
1059 2321 1248 2360 praecepto
1282 2324 1364 2348 suo.

166 2363 354 2400 Mulieres
374 2363 494 2399 nihilo
515 2364 644 2400 secius
667 2365 912 2400 Callicratem
930 2365 970 2400 in
986 2365 1105 2400 aedem
1126 2365 1365 2412 Proserpinae
1393 2368 1414 2400 5

166 2415 366 2460 deducunt,
388 2428 432 2451 ac
462 2416 589 2464 jurare
611 2423 761 2464 cogunt,
791 2416 888 2451 nihil
922 2417 967 2451 ab
997 2416 1063 2452 illo
1094 2416 1254 2464 periculi
1284 2416 1364 2453 fore

171 2467 300 2504 Dioni.
356 2468 428 2504 Ille
448 2467 520 2503 hac
540 2467 725 2518 religione
745 2479 822 2504 non
840 2468 951 2504 modo
971 2479 1046 2504 non
1066 2467 1280 2514 deterritus,
1295 2468 1367 2507 sed
