1651 2790
437 201 445 207 ”
469 203 566 246 XV.
660 238 663 245 .
729 204 1100 259 (Epaminondas.)
1333 209 1386 246 59

233 307 300 346 XI.
331 307 373 345 Id
401 320 523 357 quum
543 308 634 344 satis
662 320 703 344 se
724 307 972 344 confirmasse
993 307 1198 344 arbitratus
1219 315 1286 353 cst,
1308 320 1388 344 cer·
1421 310 1437 344 1

179 361 312 398 tiorem
345 360 437 397 facit
466 359 683 405 Datamem,
705 367 857 408 tempus
882 371 978 402 esse,
1011 359 1174 407 majores
1194 362 1388 397 exercitus

179 413 320 463 parari,
342 420 379 450 et
410 413 555 450 bellum
575 425 665 450 cum
700 413 781 461 ipso
805 423 895 461 rege
916 412 1084 459 suscipi3
1118 411 1240 460 dequo
1271 427 1314 449 ca
1336 425 1389 458 re,

179 466 211 502 si
244 467 280 502 ei
309 465 517 510 videretur,
545 478 621 515 quo
641 465 724 502 loco
745 464 872 509 vellet,
905 465 944 500 in
974 463 1207 512 colloquium
1229 466 1388 502 veniret.

179 517 344 556 Probata
364 530 417 563 re,
448 517 691 567 colloquendi
720 525 871 566 tempus
900 517 1077 560 sumitur,
1099 517 1296 565 locusque,
1317 530 1391 566 quo

179 571 461 608 conveniretur.
503 570 594 608 Huc
617 570 858 606 Mithridates
878 582 968 606 cum
990 581 1077 613 uno,
1099 569 1162 605 cui
1183 571 1390 606 maximam
1420 572 1442 605 2

178 623 344 660 habebat
370 623 497 668 fidem,
520 631 606 660 ante
632 623 776 672 aliquot
804 622 885 659 dies
905 623 1020 666 venit,
1052 621 1392 671 compluribusque

179 675 274 713 locis
312 677 517 725 separatim
555 675 702 726 gladios
740 675 876 720 obruit,
912 687 1034 724 eaque
1073 674 1156 710 loca
1191 674 1393 724 diligenter

179 735 296 765 notat.
354 728 439 777 Ipso
459 735 589 766 autem
618 728 860 777 colloquendi
893 727 954 764 die
984 727 1148 774 utrique,
1170 726 1298 764 locum
1327 728 1392 776 qui

179 781 434 830 explorarent,
457 788 570 830 atque
599 782 700 831 ipsos
719 787 998 824 scrutarentur,
1019 780 1186 816 mittunt.
1245 779 1393 817 Deinde

179 833 250 882 ipsi
271 840 359 871 sunt
379 834 589 883 congressi.
649 834 726 871 Hic
747 846 867 882 quum
888 832 1125 882 aliquamdiu
1145 832 1184 868 in
1205 832 1393 881 colloquio
1422 833 1445 866 3

180 884 352 931 fuissent,
372 893 409 922 et
429 886 570 922 diversi
590 886 864 930 discessissent,
881 886 1041 935 jamque
1055 885 1190 933 procul
1210 884 1394 922 Datames

179 937 353 975 abesset:
385 938 637 983 Mithridates,
659 940 886 988 priusquam
917 938 963 974 ad
984 950 1074 974 suos
1095 938 1324 986 perveniret,
1347 951 1394 975 ne

178 1003 296 1039 quam
316 992 572 1040 suspicionem
593 999 758 1041 pareret,
770 992 808 1027 in
826 991 1005 1027 eumdem
1025 990 1153 1026 locum
1175 992 1392 1035 revertitur,

179 1049 294 1092 atque
323 1044 387 1088 ibi,
409 1044 475 1080 ubi
508 1044 627 1080 telum
657 1051 738 1081 erat
773 1044 1005 1093 impositum,
1027 1042 1179 1087 resedit,
1203 1050 1243 1079 ut
1271 1044 1303 1080 si
1333 1043 1393 1092 [a]

179 1094 404 1132 lassitudine
425 1104 586 1145 cuperet
607 1098 870 1146 acquiescere,
887 1095 1170 1144 Datamemque
1187 1096 1392 1140 revocavit,

178 1149 380 1194 simulans,
401 1162 442 1185 se
471 1149 653 1198 quiddam
683 1150 722 1186 in
741 1149 932 1198 colloquio
961 1161 1044 1185 esse
1064 1148 1237 1184 oblitum.
1296 1147 1393 1185 Inte-
1424 1148 1447 1182 4

181 1201 251 1237 rim
284 1201 417 1246 telum,
449 1201 549 1250 quod
580 1202 733 1247 latebat,
771 1201 928 1251 protulit
961 1200 1224 1248 nudatumque
1254 1202 1395 1251 vagina

180 1260 285 1290 veste
305 1255 410 1299 texit,
440 1267 485 1290 ac
506 1253 663 1291 Datami
684 1255 851 1291 venienti
873 1255 936 1298 ait,
958 1253 1234 1302 digredientem
1255 1266 1294 1290 se
1317 1254 1395 1290 ani-

180 1306 440 1351 madvertisse,
462 1307 591 1343 locum
611 1307 830 1357 quemdam,
852 1307 918 1356 qui
939 1312 1021 1343 erat
1047 1306 1086 1341 in
1107 1312 1326 1354 conspectu,
1349 1305 1396 1341 ad

179 1364 308 1394 castra
336 1359 509 1407 ponenda
530 1372 613 1396 esse
644 1360 838 1396 idoneum.
897 1359 1026 1401 Quem
1046 1370 1167 1407 quum
1197 1358 1312 1407 digito
1333 1357 1395 1394 de·
1425 1358 1448 1392 5

181 1417 418 1455 monstraret,
440 1417 477 1447 et
504 1412 568 1448 ille
589 1413 838 1461 conspiceret,
862 1423 1042 1448 aversum
1063 1410 1164 1447 ferro
1191 1410 1392 1455 transfixit,

182 1463 377 1511 priusque,
399 1476 516 1511 quam
537 1464 740 1512 quisquam
770 1470 893 1512 posset
922 1475 1166 1507 succurrere,
1189 1461 1394 1499 interfecit.

182 1513 238 1551 Ita
257 1514 322 1551 i·.le
344 1516 414 1559 vir,
435 1516 501 1564 qui
532 1516 671 1553 multos
690 1517 861 1560 consilio,
884 1516 1077 1552 neminem
1106 1514 1266 1563 perfidia
1287 1528 1396 1564 cepe-

183 1574 252 1612 rat,
273 1567 454 1604 simulata
474 1575 610 1617 captus
630 1575 687 1605 est
708 1569 891 1605 amicitia.

315 1839 454 1886 XV.
539 1839 1213 1888 EPAMINONDAS

234 2037 265 2074 I.
297 2036 591 2085 Epaminondas,
621 2037 796 2086 Polymm'
811 2039 935 2090 filiuS,
966 2037 1174 2075 Thebanus.
1233 2038 1291 2075 De
1326 2040 1396 2075 hoc
1429 2042 1445 2074 1

184 2091 406 2140 priusquam
427 2091 654 2136 scribamus,
685 2091 768 2128 haec
788 2091 1045 2140 praecipienda
1076 2090 1254 2126 videntur
1281 2091 1394 2128 lecto-

184 2143 301 2187 ribus,
322 2154 370 2178 ne
392 2143 537 2180 alienos
566 2156 691 2180 mores
712 2144 759 2180 ad
779 2157 867 2180 suos
888 2143 1083 2189 reserant3
1116 2155 1213 2179 neve
1235 2156 1292 2187 ea,
1309 2155 1396 2191 quae
1426 2177 1438 2181 ,

183 2195 275 2243 ipsis
308 2194 453 2231 leviora
481 2203 581 2240 sunt,
611 2196 693 2244 pari
714 2196 822 2232 modo
843 2195 942 2245 apud
973 2203 1120 2232 ceteros
1150 2193 1267 2231 fuisse
1296 2195 1393 2231 arbi-

184 2253 344 2283 trentur.
399 2246 554 2284 Scimus
575 2249 689 2292 enim,
707 2249 881 2285 musicen
901 2249 1038 2284 nostris
1069 2247 1238 2284 moribus
1259 2248 1393 2283 abesse
1422 2250 1446 2283 2

184 2313 207 2335 a
236 2298 419 2347 principis
447 2311 634 2347 persona3
667 2301 808 2336 saltare
830 2313 920 2336 vcro
940 2301 1055 2336 etiam
1084 2300 1122 2335 in
1154 2300 1254 2334 vitiis
1283 2300 1393 2348 poni:

183 2363 270 2400 quae
299 2351 426 2387 omnia
456 2351 556 2399 apud
586 2351 744 2388 Graecos
773 2359 809 2388 et
833 2360 953 2401 grata,
977 2359 1013 2388 et
1046 2351 1160 2388 laude
1189 2351 1306 2400 digna
1325 2351 1392 2388 du-

184 2410 339 2441 cuntur.
397 2402 532 2444 Quum
561 2410 690 2440 autem
719 2405 934 2452 exprimere
963 2404 1172 2452 imaginem
1191 2410 1392 2440 consuetu·
1423 2406 1444 2441 :3

185 2455 283 2493 dinis
316 2462 430 2505 atque
461 2456 549 2492 vitae
578 2456 744 2493 velimus
774 2455 1063 2506 Epaminondae,
1091 2454 1195 2492 nihil*
1217 2455 1395 2493 videmur
