1651 2790
433 204 441 210 ⁸
478 201 594 241 XIV.
654 207 692 251 7,
716 207 754 241 ὃ.
813 203 1056 255 (Datames.)
1304 209 1358 246 57

185 306 307 337 tentes
329 299 511 336 Datames
532 299 698 335 invadit:
729 299 849 347 primo
879 300 1020 348 impetu
1047 301 1167 348 pellit,
1187 301 1378 351 fugientes

184 352 432 400 persequitur,
469 351 606 387 multos
647 351 836 396 interficit,
877 359 1002 387 castra
1051 353 1215 389 hostium
1264 354 1377 403 capit.

183 404 271 440 Tali
307 404 468 440 consilio
504 415 578 439 uno
612 410 781 451 tempore
817 410 854 439 et
886 404 1097 451 proditores
1134 406 1306 453 perculit,
1342 414 1378 442 et

182 454 314 492 hostes
333 456 558 504 profligavit,
579 462 627 499 et,
647 455 746 503 quod
775 455 822 491 ad
848 456 1060 504 perniciem
1088 456 1208 492 fuerat
1237 459 1378 506 cogita·

183 515 270 553 tum,
290 508 329 544 id
349 508 395 544 ad
415 509 576 544 salutem
597 507 794 543 convertit.
850 508 935 550 Quo
954 520 1077 555 neque
1099 509 1244 545 acutius
1264 510 1377 546 ullius

183 560 418 609 imperatoris
453 560 668 609 cogitatum,
696 572 821 608 neque
856 560 1021 596 celerius
1055 560 1195 597 factum
1221 573 1378 609 usquam

182 612 357 661 legimus.

236 665 325 702 VII.
356 665 414 701 Ab
433 664 507 701 hoc
529 671 655 700 tamen
674 664 756 700 viro
778 664 962 709 Scismas,
978 664 1141 700 maximo
1159 672 1249 701 natu
1265 665 1378 710 filius,

181 717 332 761 desciit,
349 717 396 753 ad
409 729 611 765 regemque
628 717 787 761 transiit,
802 724 838 753 et
854 717 900 753 de
915 716 1130 753 defectione
1142 718 1259 765 patris
1273 718 1378 754 dctu-

183 769 235 805 lit..
286 770 371 812 Quo
390 769 521 805 nuntio
544 770 774 805 Artaxerxes
796 777 1016 814 commotus,
1029 769 1127 817 quod
1143 770 1379 818 intelligebat

182 821 254 857 sibi
276 834 361 858 cum
380 821 460 857 viro
480 821 565 857 sorti
585 834 630 857 ac
652 829 805 858 strenuo
824 821 1019 870 negotium
1045 834 1147 866 esse,
1167 821 1244 870 qui,
1265 835 1378 870 quum

181 873 401 922 cogitasset,
417 873 544 910 facere
562 874 728 918 auderet,
746 880 783 909 et
797 874 900 922 prius
915 874 1095 922 cogitare,
1111 886 1220 921 quam
1237 874 1377 919 conari,

181 933 419 971 consuesset,
436 925 757 974 Autophradatem
774 925 813 962 in
830 926 1114 974 Cappadociam
1132 926 1254 963 mittit.
1299 927 1376 963 Hic

180 991 227 1014 ne
257 978 394 1014 intrare
425 985 569 1026 posset,
604 979 751 1021 saltum,
785 978 824 1014 in
861 991 933 1026 quo
968 978 1117 1014 Ciliciae
1147 986 1260 1027 portoe
1292 986 1378 1015 sunt

180 1031 273 1075 sitm,
306 1030 487 1066 Datames
518 1042 784 1079 praeoccupare
816 1031 968 1066 studuit.
1027 1031 1107 1067 Sed
1142 1038 1217 1066 tam
1254 1031 1376 1067 subito

181 1083 310 1131 copias
341 1082 562 1119 contrahere
590 1095 666 1119 non
693 1083 824 1131 potuit.
875 1084 909 1118 A
928 1096 1000 1130 qua
1019 1095 1058 1118 re
1080 1083 1273 1131 depulsus,
1291 1096 1376 1120 cum

181 1148 227 1171 ea
255 1147 380 1179 manu,
418 1148 528 1183 quam
567 1142 816 1179 contraxerat,
849 1135 976 1171 locum
1004 1135 1147 1183 delegit
1177 1136 1302 1180 talem,
1336 1142 1376 1171 ut

179 1200 300 1234 neque
323 1187 584 1224 circumiretur
605 1188 650 1223 ab
670 1187 855 1232 hostibus,
875 1200 999 1234 neque
1019 1188 1227 1235 praeteriret
1247 1188 1377 1224 adver-

180 1240 316 1284 sarius,
335 1240 425 1287 quin
444 1240 671 1288 ancipitibus
691 1240 788 1276 locis
808 1247 1054 1288 premeretur,
1076 1246 1123 1283 et,
1140 1240 1174 1275 si
1194 1240 1375 1276 dimicare

183 1291 300 1341 [cum]
334 1304 379 1328 eo
404 1292 533 1337 vellet,
552 1305 629 1328 non
647 1293 803 1329 multum
831 1293 968 1328 obesse
997 1291 1193 1328 multitudo
1212 1291 1378 1328 hostium

181 1357 257 1379 suae
277 1345 459 1392 paucitati
477 1351 621 1392 posset.

234 1396 346 1432 VIII.
378 1396 473 1432 Haec
503 1397 576 1432 etsi
596 1396 901 1445 Autophradates
920 1396 1083 1441 videbat,
1103 1403 1229 1432 tamen
1250 1397 1377 1432 statuit

182 1448 375 1495 congredi,
398 1461 508 1495 quam
528 1461 613 1484 cum
633 1449 746 1484 tantis
777 1449 898 1496 copiis
927 1448 1115 1497 refugere,
1137 1456 1199 1484 aut
1218 1456 1293 1484 tam
1313 1449 1376 1485 diu

181 1512 254 1535 uuo
276 1500 360 1536 loco
381 1500 529 1536 sedere.
586 1500 762 1536 Habebat
780 1501 1019 1536 barbarorum
1047 1501 1212 1548 equitum
1230 1501 1375 1549 viginti,

180 1552 349 1600 peditum
368 1561 519 1588 centum
537 1553 653 1602 milia,
666 1564 758 1600 quos
780 1552 837 1588 illi
854 1552 1047 1588 Cardacas
1061 1553 1262 1600 appellant,
1277 1553 1376 1601 ejus-

182 1604 341 1652 demque
363 1605 515 1652 generis
535 1604 606 1640 tria
626 1604 876 1640 funditorum:
907 1611 1091 1651 praeterea
1108 1605 1376 1652 Cappadocum

181 1663 278 1701 octo,
299 1656 565 1692 Armeniorum
585 1657 732 1700 decem,
754 1656 1042 1704 Paphlagonum
1061 1657 1237 1704 quinque,
1256 1656 1375 1705 Phry-

181 1721 270 1756 gum
288 1708 436 1752 decem,
458 1708 651 1756 Lydorum
670 1709 845 1756 quinque,
867 1708 1148 1756 Aspendiorum
1169 1716 1206 1744 et
1227 1708 1375 1745 Pisida-

181 1773 262 1796 rum
295 1761 446 1796 circiter
475 1761 556 1804 tria,
593 1761 758 1796 CilIcum
788 1761 874 1804 duo,
907 1761 1176 1808 Captianorum
1208 1760 1375 1805 totidem,

182 1825 230 1848 ex
265 1812 414 1849 Graecia
452 1813 613 1848 conduct
627 1825 719 1848 Jrum
749 1813 820 1848 tria
853 1812 989 1862 [milia]
1008 1826 1015 1849 :
1046 1813 1144 1849 levis
1183 1820 1376 1848 armaturae

180 1865 383 1900 maximum
402 1877 610 1901 numerum.
667 1865 750 1901 Has
778 1865 959 1900 adversus
990 1864 1120 1913 copias
1142 1877 1232 1913 spes
1253 1865 1374 1901 omnis

181 1917 414 1953 consistebat
434 1917 585 1953 Datami
604 1917 643 1952 in
663 1930 705 1953 se
726 1917 877 1965 locique
897 1924 1051 1953 natura:
1082 1930 1243 1965 namque
1263 1917 1374 1966 hujus

180 1976 325 2017 partem
344 1981 419 2005 non
438 1969 600 2005 habebat
618 1969 842 2005 vicesimam
860 1968 1033 2004 militum.
1091 1969 1237 2011 Quibus
1258 1969 1375 2005 fretus

182 2021 363 2066 conflixit,
385 2021 760 2068 adversariorumque
789 2021 905 2057 multa
931 2021 1037 2056 milia
1065 2021 1244 2066 concidit,
1264 2034 1376 2069 quum

181 2073 228 2109 de
242 2072 362 2121 ipsius
381 2073 550 2109 exercitu
561 2085 636 2109 non
657 2073 817 2121 amplius
833 2073 1025 2108 hominum
1036 2072 1140 2108 mille
1155 2073 1374 2109 cecidisset.

183 2125 307 2167 Quam
326 2126 372 2161 ob
393 2138 547 2161 causam
572 2132 724 2173 postero
745 2125 806 2161 die
835 2132 1015 2172 tropaeum
1041 2124 1178 2172 posuit,
1198 2137 1270 2172 quo
1290 2126 1375 2161 loco

181 2176 303 2225 pridie
341 2183 546 2224 pugnatum
579 2184 670 2212 erat.
727 2177 830 2213 Hinc
868 2189 980 2224 quum
1018 2184 1143 2212 castra
1180 2176 1375 2221 movisset,

182 2240 405 2275 semperque
419 2228 574 2264 inferior
583 2229 716 2276 copiis,
730 2228 1081 2276 superioronmibus
1094 2228 1237 2276 proeliis
1252 2228 1376 2264 disce-

183 2280 301 2324 deret,
338 2279 435 2326 quod
471 2292 670 2326 numquam
704 2293 855 2315 manum
893 2287 1123 2323 consereret,
1160 2280 1236 2315 nisi
1264 2292 1377 2326 quum

183 2331 421 2368 adversarios
452 2331 622 2366 locorum
651 2332 836 2379 angustiis
875 2332 1079 2366 clausisset
1113 2331 1227 2379 (quod
1254 2332 1375 2379 perito

183 2384 379 2432 regionum
408 2382 620 2429 callideque
650 2383 831 2430 cogitanti
860 2395 960 2430 saepe
991 2382 1230 2430 accidebat):
1262 2383 1377 2420 Auto-

183 2435 399 2485 phradates,
421 2446 533 2481 quum
559 2434 701 2470 bellum
729 2433 816 2469 duci
843 2435 984 2482 majore
1017 2434 1118 2481 regis
1150 2434 1376 2481 calamitate,

1404 930 1427 962 (Ο
