1651 2790
444 209 520 249 III.
553 214 591 258 2,
615 213 652 249 3.
715 208 966 262 (Aristides.)
1257 211 1306 248 21

115 308 205 358 quid
221 307 411 345 Anstides
429 307 698 351 commisisset,
715 318 782 342 cur
800 312 903 342 tanta
921 318 1034 354 poena
1050 306 1187 354 dignus
1204 305 1320 342 duce·

117 362 241 398 retur?
300 360 374 397 Cui
393 359 459 396 ille
487 358 698 408 respondit,
718 371 761 395 se
791 358 966 407 ignorare
988 358 1219 402 Aristidcm;
1249 358 1320 395 sed

116 413 190 450 sibi
208 425 284 449 non
303 413 470 461 placere,
486 411 585 460 quod
604 419 680 447 tam
700 410 838 459 cupide
860 410 1107 454 elaborasset,
1128 418 1167 446 ut
1186 419 1321 458 proeter

117 473 267 502 ceteros
287 465 418 502 Justus
439 465 707 513 appellaretur.
763 463 841 500 Hic
869 463 1005 499 decem
1025 474 1206 498 annorum
1225 463 1320 511 legi-

116 519 245 555 timam
274 530 425 567 poenam
453 529 530 553 non
562 516 729 565 pertulit.
796 515 898 552 Nam
935 522 1134 564 postquam
1168 515 1320 552 Xerxes

116 571 157 608 in
187 569 378 607 Graeciam
408 569 624 614 descendit,
645 576 753 605 sexto
773 567 854 604 sere
884 580 996 612 anno,
1017 580 1129 615 quam
1157 576 1238 603 erat
1257 580 1322 603 ex-

116 623 263 673 puISUS,
282 622 542 671 populiscito'
532 634 572 658 in
590 622 750 670 patriam
769 620 964 657 restitutus
986 627 1057 656 est.

170 675 224 712 II.
272 674 448 712 Interfuit
479 682 605 710 autem
639 686 776 723 pugnae
808 673 937 710 navali
975 672 1075 721 apud
1115 672 1323 717 Salamina,

119 740 202 776 quae
240 727 340 764 facta
373 734 432 763 est
467 726 585 776 prius,
619 739 731 775 quam
762 729 874 775 Ροεῃέι
905 725 1142 762 liberaretur.
1215 725 1324 761 Idem

117 788 254 828 praetor
282 779 351 816 fuit
379 779 675 816 Atheniensium
704 779 802 828 apud
831 779 996 815 Plataeas
1025 778 1066 814 in
1083 777 1230 826 proelio,
1251 790 1324 825 quo

120 833 344 869 Mardonius
373 832 492 877 fusus,
525 833 842 879 barbarorumque
877 830 1068 867 exercitus
1100 830 1322 866 interfectus

121 892 191 922 est.
247 885 385 933 Neque
407 885 509 921 aliud
531 893 590 921 est
608 885 726 921 ullum
748 884 861 934 hujus
881 884 921 920 in
940 896 981 919 re
1002 883 1155 919 militari
1175 883 1322 919 illustre

120 937 272 983 facturn,
293 950 405 985 quam
432 937 544 986 hujus
574 937 725 986 imperii
754 937 959 981 memoria3
985 936 1141 985 justitiae
1162 948 1266 980 vero,
1288 942 1325 971 et

122 991 320 1038 aequttatis‚
359 998 397 1026 et
430 990 659 1026 innocentiae
692 990 830 1026 multa:
862 989 901 1025 in
930 989 1076 1038 primis,
1108 988 1207 1036 quod
1241 988 1324 1037 ejus

122 1042 293 1090 aequitate
328 1042 469 1078 factum
503 1050 573 1086 est,
607 1055 720 1090 quum
753 1043 793 1078 in
831 1041 1021 1078 communi
1054 1042 1180 1078 classe
1221 1047 1326 1077 esset

125 1094 286 1131 Graeeiae
315 1095 428 1131 simul
448 1108 534 1131 cum
555 1095 759 1139 Pausania,
779 1107 852 1142 quo
881 1094 978 1130 duce
1000 1093 1224 1130 Mardonius
1247 1100 1326 1129 erat

121 1147 285 1196 fugatus,
303 1154 344 1184 ut
372 1160 518 1183 summa
551 1147 703 1196 imperii
732 1146 910 1183 maritimi
942 1147 988 1182 ab
1019 1145 1325 1182 Lacedaemoniis

122 1199 386 1237 transferretur
405 1200 453 1236 ad
472 1200 748 1236 Athenienses.
805 1200 980 1247 Namque
1011 1206 1097 1234 ante
1119 1198 1158 1234 id
1177 1206 1325 1246 tempus

123 1259 160 1288 et
177 1252 272 1288 mari
292 1260 329 1289 et
347 1260 448 1289 terra
467 1252 586 1289 duces
608 1259 714 1288 erant
734 1251 1030 1288 Lacedaemonii.
1082 1252 1183 1288 Tum
1203 1258 1328 1286 autem

124 1311 161 1340 et
189 1305 480 1354 intemperantia
513 1305 727 1350 Pausaniae‚
758 1312 796 1341 et
819 1304 968 1354 justitia
995 1303 1136 1340 sactum
1165 1311 1224 1340 est
1243 1303 1327 1339 Ari-

125 1356 248 1401 stidis,
266 1366 308 1393 ut
327 1370 460 1394 omnes
481 1357 562 1394 fere
583 1358 758 1394 civitates
783 1357 944 1394 Graeciae
964 1357 1011 1393 ad
1031 1356 1328 1393 Atheniensium

124 1409 349 1445 societatem
361 1422 404 1445 se
419 1410 667 1458 applicarent,
681 1417 719 1446 et
731 1410 914 1446 adversus
927 1410 1106 1445 barbaros
1119 1408 1190 1445 hos
1207 1409 1328 1445 duces

125 1461 340 1508 deligerent
360 1461 446 1496 sibi.

178 1513 253 1549 III.
284 1513 391 1555 Quos
422 1525 495 1560 quo
529 1512 683 1549 facilius
714 1513 959 1562 repellerent,
992 1513 1024 1549 si
1057 1513 1152 1549 forte
1185 1513 1328 1549 bellum

125 1577 307 1601 renovare
329 1572 565 1610 conarentur,
587 1565 633 1601 ad
663 1566 811 1602 classes
842 1565 1085 1602 aedificandas
1120 1566 1329 1601 exercitus·

124 1630 196 1665 que
214 1617 489 1665 comparandos
506 1626 683 1665 quantum
698 1618 871 1667 pecuniae
887 1630 1044 1666 quaeque
1059 1618 1193 1654 civitas
1210 1618 1328 1662 daret,

125 1669 315 1706 Aristides
336 1669 510 1705 delectus
539 1677 609 1714 est,
630 1671 693 1718 qui
715 1671 974 1715 constitueret,
996 1671 1154 1719 ejusque
1175 1670 1328 1706 arbitrio

124 1722 383 1771 quadringena
403 1729 440 1757 et
468 1734 664 1770 sexagena
690 1723 832 1758 talenta
861 1722 1061 1770 quotannis
1083 1723 1225 1759 Delum
1243 1730 1330 1758 sunt

126 1775 275 1810 collata.
331 1774 377 1811 Id
414 1774 516 1810 enim
549 1787 749 1811 commune
784 1775 957 1811 aerarium
988 1787 1077 1811 esse
1115 1776 1328 1811 voluerunt.

127 1827 222 1869 Quae
242 1827 365 1863 omnis
393 1827 560 1875 pecunia
586 1835 740 1876 postero
760 1835 930 1876 tompore
951 1827 1124 1864 Athenas
1147 1828 1330 1864 translata

126 1886 197 1915 est.
270 1879 348 1916 Hic
382 1892 457 1927 qua
488 1879 602 1916 fuerit
635 1880 877 1925 abstinentia,
910 1880 1056 1916 nullum
1093 1888 1153 1916 est
1186 1881 1327 1917 certius

126 1931 320 1977 indicium,
339 1944 453 1980 quam
479 1932 591 1980 quod,
611 1945 725 1980 quum
754 1932 869 1969 tantis
899 1933 1013 1969 rebus
1041 1932 1269 1982 praefuisset‚
1289 1933 1329 1969 in

124 1991 228 2020 tanta
260 1991 481 2033 paupertate
513 1984 696 2030 decessit,
726 1992 778 2030 ut,
809 1984 873 2033 qui
905 1985 1115 2030 efferretur,
1150 1985 1215 2022 vix
1241 1985 1330 2022 reli-

1356 1883 1379 1916 2

125 2036 260 2083 querit.
317 2036 404 2079 Quo
424 2036 565 2073 sactum
585 2044 656 2082 est,
671 2043 712 2073 ut
729 2038 819 2074 filiae
839 2038 922 2086 ejus
942 2038 1096 2086 publice
1127 2038 1329 2082 alerentur,
1358 2040 1379 2073 3

127 2095 165 2124 et
183 2088 230 2124 de
252 2089 441 2125 communi
460 2089 593 2125 aerario
619 2089 769 2126 dotibus
783 2090 881 2126 datis
902 2090 1194 2127 collocarentur.
1251 2090 1330 2127 De-

127 2140 247 2176 cessit
277 2148 402 2177 autem
438 2140 519 2178 fere
552 2148 639 2190 post
669 2155 808 2178 annum
844 2150 1027 2190 quartum,
1058 2155 1170 2191 quam
1236 2159 1284 2184 471

127 2191 414 2230 Themistocles
428 2193 592 2231 Athenis
615 2202 695 2231 erat
715 2195 913 2246 expulsus,
1205 2199 1224 2216 ³
1248 2192 1280 2217 C·
1298 2198 1326 2216 ¹¹·
