1651 2790
500 231 642 274 XXII.
706 237 739 281 1,
761 238 799 274 2.
863 232 1135 286 (Hamilcar.)
1363 237 1417 278 87

407 492 636 541 ΧΧΙΙ.
708 492 1228 540 HAMILCAR.

269 701 299 738 I.
350 699 559 746 Hamilcar,
593 699 823 737 Hannibalis
848 701 970 752 filius,
1006 701 1230 750 cognomine
1264 700 1421 745 Bareas,

216 753 557 803 Carthaginiensis,
593 754 713 802 primo
748 753 904 790 Poenico
939 753 1050 798 bello,
1085 752 1150 789 sed
1189 754 1422 802 temporibus

216 808 412 852 extremis,
445 806 647 843 admodum
680 806 990 843 adolescentulus
1021 806 1058 841 in
1090 805 1224 842 Sicilia
1258 818 1420 855 pracesse

216 859 332 908 coepit
352 859 554 895 exercitui.
612 859 745 901 Quum
767 865 853 895 ante
875 856 966 908 ejus'
986 858 1192 895 adventum
1213 867 1249 895 et
1270 859 1364 895 mari
1385 865 1421 894 et

216 917 319 948 terra
348 911 447 947 male
479 924 540 948 res
559 918 788 961 gererentur
819 911 1210 960 Carthaginiensium,
1232 913 1324 960 ipse,
1357 911 1421 947 ubi

217 962 334 1008 affuit,
346 976 559 1012 numquam
574 964 669 1000 hosti
689 964 805 1000 cessit
824 977 950 1014 neque
970 964 1097 1000 locum
1111 964 1271 1000 nocendi
1292 964 1417 1009 dedit3

215 1028 393 1065 saepeque
423 1029 442 1052 e
463 1017 653 1053 contrario
681 1017 882 1053 occasione
910 1017 999 1053 data
1030 1016 1235 1061 lacessivit,
1257 1028 1419 1065 semper-

215 1081 290 1117 que
310 1069 484 1117 superior
517 1069 702 1106 discessit.
761 1068 849 1111 Quo
880 1069 991 1114 facto,
1012 1082 1132 1118 quum
1163 1081 1268 1118 pzene
1295 1069 1422 1105 omnia

215 1121 254 1157 in
274 1121 410 1158 Sicilia
430 1121 539 1158 Poeni
566 1123 793 1167 amisissent,
814 1122 880 1158 ille
900 1122 1070 1170 Erycem
1092 1122 1148 1158 sic
1182 1121 1358 1165 defendit,
1381 1127 1422 1156 ut

216 1173 361 1211 bellum
380 1187 424 1211 eo
444 1174 527 1211 loco
555 1182 706 1224 gestum
726 1187 801 1211 non
821 1174 1029 1211 videretur.
1088 1173 1244 1210 Interim
1264 1173 1421 1210 Cartha-

215 1226 420 1275 ginienses,
459 1227 583 1264 classe
619 1227 719 1276 apud
753 1227 900 1264 insulas
938 1227 1097 1276 AEgates
1126 1239 1148 1262 a
1176 1226 1220 1263 C.
1254 1226 1421 1270 Lutatio,

216 1279 374 1316 consule
408 1279 685 1325 Romanorum,
718 1280 899 1329 superati,
932 1285 1149 1316 statuerunt
1186 1279 1277 1315 belli
1308 1278 1423 1314 finem

217 1330 357 1376 facere,
387 1345 547 1380 eamque
579 1344 660 1368 rem
681 1333 836 1369 arbitrio
866 1333 1140 1381 permisserunt
1172 1331 1421 1368 Hamilcaris.

217 1382 299 1427 Ille,
321 1384 391 1420 etsi
411 1385 598 1433 flagrabat
634 1384 799 1421 bellandi
827 1384 1046 1433 cupiditate,
1068 1391 1196 1420 tamen
1229 1384 1317 1432 paci
1346 1394 1422 1419 ser-

219 1435 399 1472 viendum
435 1437 594 1484 putavit,
633 1437 733 1484 quod
772 1438 935 1485 patriam
973 1437 1199 1473 exhaustam
1237 1435 1425 1472 sumtibus

218 1487 361 1524 diutius
392 1488 632 1525 calamitates
662 1488 753 1524 belli
785 1488 884 1525 ferre
918 1501 993 1525 non
1027 1501 1134 1536 posse
1164 1488 1422 1537 intelligebat:

218 1539 283 1576 sed
313 1540 377 1585 ita,
400 1547 441 1577 ut
467 1541 593 1576 statim
616 1547 741 1576 mente
771 1542 944 1590 agitaret,
967 1541 998 1576 si
1027 1540 1201 1588 paullum
1234 1540 1342 1576 modo
1364 1552 1424 1575 res

218 1599 343 1628 essent
363 1592 527 1637 refectae,
546 1593 690 1629 bellum
711 1604 895 1629 renovare
916 1592 1184 1641 Romanosque
1206 1593 1321 1629 armis
1342 1603 1423 1641 per-

218 1645 338 1693 sequi,
360 1645 540 1681 donicum
562 1652 628 1681 aut
654 1652 757 1681 certe
778 1645 970 1689 vicissent,
992 1651 1057 1681 aut
1086 1645 1175 1681 victi
1207 1657 1343 1681 manus
1362 1643 1423 1680 de-

217 1697 372 1733 dissent.
430 1697 516 1733 Hoc
537 1697 694 1733 consilio
730 1710 864 1745 pacem
884 1697 1115 1741 conciliavit,
1137 1698 1176 1733 in
1207 1710 1284 1746 qua
1316 1702 1424 1732 tanta

219 1748 288 1785 fuit
304 1749 457 1794 ferocia,
472 1762 592 1798 quum
606 1749 770 1786 Catulus
784 1756 941 1798 negaret
958 1749 1100 1785 bellum
1114 1750 1423 1798 compositurum,

218 1802 291 1838 nisi
311 1801 376 1838 ille
397 1814 486 1838 cum
506 1802 597 1846 suis,
614 1802 681 1851 qui
701 1801 873 1849 Erycem
893 1808 1110 1845 tenuerunt,
1133 1802 1248 1838 armis
1269 1801 1423 1845 relictis,

218 1854 353 1891 Sicilia
373 1853 612 1899 decederent,
634 1861 686 1899 ut,
708 1854 982 1891 succumbente
1015 1854 1148 1902 patria,
1174 1854 1253 1902 ipse
1285 1854 1423 1902 peritu-

217 1919 305 1943 rum
334 1919 374 1943 se
408 1907 530 1955 potius
550 1906 698 1951 dixerit,
720 1919 837 1955 quam
857 1919 945 1943 cum
980 1913 1081 1943 tanto
1108 1906 1251 1956 flagitio
1271 1906 1423 1942 domum

218 1959 370 1996 rediret.
426 1958 515 1995 Non
548 1960 650 1995 enim
684 1971 764 1995 suae
797 1972 880 1996 esse
909 1959 1071 2003 virtutis,
1103 1971 1209 1995 arma
1243 1971 1265 1995 a
1303 1960 1425 2007 patria

220 2018 377 2061 accepta
410 2010 593 2048 adversus
627 2012 752 2048 hostes
786 2011 1015 2048 adversariis
1056 2011 1220 2048 tradere.
1295 2011 1424 2060 Hujus

219 2064 439 2113 pertinaciae
458 2064 572 2100 cessit
591 2064 766 2101 Catulus.

272 2115 322 2152 ΙΙ.
354 2116 409 2152 At
441 2116 520 2161 ille,
552 2123 593 2153 ut
623 2117 897 2166 Carthaginem
926 2117 1040 2161 venit,
1070 2116 1189 2152 multo
1220 2115 1340 2160 aliter,
1377 2128 1423 2152 ac

220 2168 408 2216 sperabat,
430 2169 707 2217 rempublicam
728 2181 769 2205 se
789 2169 991 2206 habentem
1012 2168 1200 2218 cognovit.
1242 2168 1424 2216 Namque

221 2219 470 2256 diuturnitate
490 2222 639 2257 externi
659 2220 751 2257 mali
780 2227 927 2258 tantum
948 2222 1089 2258 exarsit
1107 2221 1326 2256 intestinum
1347 2220 1422 2256 bel-

221 2271 316 2316 lum,
338 2278 379 2307 ut
407 2284 617 2320 numquam
651 2274 734 2321 pari
765 2274 937 2322 periculo
971 2273 1085 2310 fuerit
1117 2272 1321 2321 Carthago,
1351 2272 1424 2308 nisi

222 2336 342 2373 quum
363 2323 487 2360 deleta
507 2331 575 2360 est.
633 2325 760 2361 Primo
780 2327 1012 2362 mercenarii
1032 2326 1183 2369 milites,
1204 2325 1270 2373 qui
1291 2324 1423 2360 adver-

223 2389 288 2413 sus
322 2376 513 2413 Romanos
548 2375 710 2421 fuerant,
739 2377 1004 2414 desciverunt:
1045 2389 1208 2426 quorum
1241 2389 1425 2413 numerus

224 2434 305 2466 erat
324 2428 459 2477 viginti
483 2428 660 2464 millium.
708 2428 771 2465 -Hi
801 2437 916 2465 totam
938 2430 1206 2466 abalienarunt
1234 2428 1424 2473 Africam,

226 2481 343 2529 ipsam
374 2480 646 2529 Carthaginem
680 2488 961 2530 oppugnarunt.
1018 2481 1172 2523 Quibus
1191 2482 1303 2518 malis
1333 2481 1426 2518 adeo

1453 703 1468 737 1

1452 2328 1476 2361 2

1454 2483 1477 2517 3
