1651 2790
529 226 624 267 VII.
689 228 972 279 (Alcibiades.)
1293 233 1347 269 29

152 326 270 362 oratio
298 324 441 361 indicio
470 324 549 369 fuit,
569 337 650 372 quae
678 333 763 373 post
791 333 947 362 mortem
976 327 1015 362 in
1046 326 1155 362 domo
1185 327 1267 376 ejus
1295 339 1351 363 rc-

152 386 259 426 perta
280 385 350 422 est,
370 377 409 413 in
428 390 500 425 qua
528 377 664 413 suadet
685 377 998 422 Lacedaemoniis,
1020 386 1069 422 ut,
1093 379 1199 426 regia
1229 388 1353 427 potes-

152 438 229 466 tate
250 431 444 473 dissoluta,
467 442 515 466 ex
534 430 706 466 omnibus
729 430 805 466 dux
834 430 1019 478 deligatur
1048 431 1094 466 ad
1122 432 1259 467 bellum
1290 445 1353 479 ge-

152 483 309 519 rendum
328 497 336 526 ;
367 482 435 519 sed
456 482 507 518 ita
527 482 680 531 scripta,
701 490 740 518 ut
760 483 914 518 deorum
934 483 1124 518 videretur
1145 495 1352 531 congruere

154 536 363 580 sententiae,
383 547 493 583 quam
522 535 585 571 ille
614 548 655 571 se
682 535 905 579 habiturum,
926 536 1090 583 pecunia
1118 535 1252 579 fidens,
1281 548 1354 571 non

154 588 356 624 dubitabat.
423 587 537 623 Hanc
572 587 608 623 ei
639 588 843 636 scripsisse
877 588 997 624 Cleon
1030 588 1354 624 Halicarnasseus

154 640 302 676 dicitur.

208 693 278 729 IV.
310 692 434 739 Atque
466 691 539 728 hoc
571 692 656 729 loco
687 705 761 743 non
793 700 851 728 est
881 692 1182 741 praetereundum
1213 692 1356 728 factum

156 745 408 789 Pharnabazi,
430 745 592 793 satrapis
612 746 719 793 regii.
778 746 879 781 Nam
900 758 1011 792 quum
1035 744 1235 793 Lysander
1262 757 1355 793 prae-

155 797 277 834 sectus
299 798 438 834 classis
459 798 496 833 in
518 798 617 834 bello
633 798 748 834 multa
766 798 968 834 crudeliter
984 810 1168 845 avareque
1185 797 1358 842 fecisset,

156 850 276 897 deque
297 850 357 886 his
377 851 490 886 rebus
512 851 768 898 suspicaretur
791 851 839 886 ad
865 851 969 886 cives
999 863 1088 886 suos
1118 863 1205 886 esse
1236 850 1357 898 perla-

155 909 244 947 tum,
264 903 370 951 petiit
386 915 408 938 a
427 902 685 947 Pharnabazo,
706 910 745 939 ut
767 903 813 939 ad
831 903 992 951 ephoros
1010 902 1082 939 sibi
1102 902 1358 938 testimonium

156 955 274 999 daret,
294 963 430 1002 quanta
450 956 652 991 sanctitate
672 956 811 992 bellum
833 956 1020 1004 gessisset
1040 955 1241 1002 sociosque
1262 962 1358 990 trac-

154 1014 285 1052 tasset,
308 1007 428 1055 deque
459 1021 505 1044 ea
533 1020 572 1044 re
602 1017 778 1044 accurate
808 1009 1018 1044 scriberet:
1051 1019 1226 1056 magnam
1257 1008 1357 1043 enim

157 1060 238 1109 ejus
259 1061 519 1096 auctoritatem
540 1061 579 1097 in
597 1074 643 1096 ea
664 1074 703 1097 re
721 1061 892 1097 suturam.
951 1060 1053 1097 Huic
1071 1060 1134 1096 ille
1151 1060 1358 1095 liberaliter

155 1113 378 1161 pollicetur3
409 1113 543 1149 librum
564 1126 718 1161 gravem
745 1114 869 1149 multis
896 1113 1020 1149 verbis
1051 1112 1290 1160 conscripsit,
1319 1112 1358 1148 in

156 1178 227 1213 quo
248 1166 403 1202 summis
434 1179 521 1202 eum
553 1166 624 1202 sert
654 1166 840 1202 laudibus.
899 1166 1025 1208 Quem
1055 1178 1168 1212 quum
1199 1164 1358 1213 §egisset

156 1219 438 1266 probassetque‚
467 1218 554 1254 dum
585 1219 764 1267 signatur,
794 1219 949 1255 alterum
978 1218 1058 1266 pari
1088 1217 1357 1266 magnitudine,

160 1271 277 1320 [tanta
313 1270 588 1320 similitudine]
620 1278 659 1307 ut
689 1271 856 1308 discerni
887 1283 962 1307 non
996 1277 1138 1318 posset,
1171 1270 1359 1318 signatum

158 1323 329 1371 subjecit,
342 1323 381 1359 in
394 1336 465 1370 quo
479 1324 766 1360 accuratissime
783 1325 863 1372 ejus
878 1323 1071 1359 avaritiam
1087 1322 1358 1371 perfidiamque

159 1383 366 1411 accusarat.
423 1376 526 1411 Hinc
545 1376 746 1424 Lysander
766 1376 914 1412 domum
934 1388 1047 1423 quum
1067 1375 1241 1418 redisset,
1259 1381 1359 1423 post-

159 1439 267 1474 quam
288 1427 334 1463 de
357 1427 436 1463 suis
456 1428 568 1463 rebus
589 1429 708 1475 gestis
730 1429 826 1477 apud
855 1429 1059 1464 maximum
1087 1427 1358 1475 magistratum,

159 1491 239 1526 quae
260 1479 437 1523 voluerat,
458 1479 616 1523 dixerat,
635 1480 840 1516 testimonii
866 1481 953 1516 loco
978 1480 1113 1516 librum
1140 1492 1162 1515 a
1187 1479 1360 1516 Pharna-

159 1531 254 1567 bazo
283 1530 407 1567 datum
435 1532 597 1568 tradidit.
657 1532 784 1576 Hunc,
806 1540 990 1568 summoto
1014 1531 1227 1580 Lysandro,
1247 1542 1360 1578 quum

160 1582 291 1632 ephori
326 1591 567 1632 cognossent,
601 1584 675 1632 ipsi
709 1585 913 1633 legendum
947 1584 1142 1620 dederunt.
1200 1583 1259 1620 Ita
1293 1582 1359 1619 ille

158 1635 377 1684 imprudens
397 1636 481 1685 ipse
502 1649 593 1673 suus
615 1637 683 1672 fuit
704 1644 916 1673 accusator.

399 1844 542 1893 Vll.
612 1843 1178 1892 ALCIBIADES.

577 2018 995 2056 ARGUMENTUM.

164 2108 290 2145 CAP.
312 2109 346 2146 I.
376 2108 574 2145 Excellens
601 2110 641 2144 in
668 2108 867 2145 virtutibus
894 2115 928 2145 et
947 2109 1061 2144 vitiis.
1117 2107 1176 2144 II.
1205 2107 1362 2144 Juvenis

212 2161 374 2197 educatio
395 2168 428 2197 et
447 2174 576 2197 mores.
633 2160 715 2197 III.
745 2160 834 2196 Dux
853 2168 979 2197 contra
1002 2160 1272 2209 Syracusanos.
1313 2159 1361 2196 In

212 2214 451 2261 suspicionem
470 2214 602 2249 civium
620 2227 768 2249 suorum
787 2213 928 2249 incidit.
983 2212 1056 2248 IV.
1087 2211 1244 2248 Domum
1262 2225 1359 2247 revo-

213 2272 318 2300 catus
331 2264 490 2313 aufugit.
521 2265 809 2301 Lacedaemoniis
824 2266 988 2308 inservit,
1003 2272 1108 2312 atque
1122 2277 1224 2299 arma
1237 2271 1360 2300 contra

208 2317 371 2365 patriam
404 2318 512 2365 capit.
585 2317 629 2353 V.
677 2317 963 2352 Lacedaemoniis
998 2323 1190 2365 suspectus
1224 2317 1361 2352 transit

212 2368 262 2404 ad
280 2368 448 2411 Persas;
478 2369 766 2404 Atheniensibus
784 2369 1050 2404 reconciliatur.
1113 2367 1179 2403 VI.
1210 2367 1361 2417 Insigni

212 2421 343 2457 civium
359 2420 601 2456 benevolentia
616 2422 800 2468 recipitur.
848 2419 940 2456 VII.
961 2419 1009 2455 In
1024 2420 1200 2456 invidiam
1218 2421 1361 2457 recidit.

216 2472 260 2510 In
284 2472 445 2509 Thracia
466 2485 640 2522 prospere
662 2479 820 2522 pugnat.
892 2471 1008 2508 VIII.
1045 2472 1201 2509 Civibus
1218 2473 1362 2510 Atticis

732 2524 778 2559 3*

1384 1061 1406 1095 157
