1651 2790
183 1375 206 1408 U]

242 230 297 266 66
539 226 657 268 XVI.
717 233 754 275 2,
777 232 813 268 3.
878 226 1152 282 (Pelopidas.)

238 340 313 376 que
335 328 512 366 factionis
529 330 720 378 principes
739 330 876 379 partim
896 329 1177 375 interfecerant,
1200 330 1293 367 alios
1321 331 1360 367 in
1380 342 1442 367 ex-

239 381 368 417 silium
388 382 581 430 ejecerant
598 395 607 418 :
636 382 675 418 in
705 382 844 430 quibus
874 383 1073 432 Pelopidas
1093 383 1169 428 hic,
1191 383 1236 419 de
1256 396 1331 432 quo
1351 384 1441 420 scri-

239 432 328 469 bere
349 434 474 470 exorsi
494 446 640 478 sumus,
662 434 795 483 pulsus
815 436 938 483 patria
958 436 1126 472 carebat.

290 484 339 522 II.
371 485 425 522 Hi
455 499 586 522 01111103
620 486 698 523 fere
720 487 893 523 Athenas
921 500 961 523 se
982 488 1234 532 contulerant,
1257 500 1343 532 non,
1366 500 1442 536 quo

237 545 490 586 sequerentur
509 539 640 584 otium,
662 539 727 575 scd
764 545 816 584 ut,
838 552 1030 588 quemque
1051 553 1097 576 ex
1127 541 1295 589 proximo
1315 540 1442 576 locum

238 589 314 626 fors
333 591 541 635 obtulisset,
556 604 599 627 eo
619 591 780 640 patriam
801 604 1031 640 recuperare
1051 592 1277 628 niterentur.
1310 591 1442 640 Itaque

237 654 357 690 quum
386 649 536 691 tempus
557 650 612 680 est
635 644 758 679 visum
780 643 836 679 :ei
868 643 1059 692 gerendae,
1081 644 1333 680 communiter
1353 656 1443 680 cum

237 694 307 739 his,
341 695 406 744 qui
435 695 580 732 Thebis
614 695 714 732 idem
748 696 971 740 sentiebant,
1007 695 1108 732 diem
1140 696 1365 745 delegerunt
1396 695 1444 732 ad

237 746 410 783 inimicos
447 747 711 796 opprimendos
749 748 1019 796 civitatemque
1065 748 1303 784 liberandam
1341 760 1442 793 eum,

237 810 310 845 quo
342 800 499 836 maximi
530 800 777 850 magistratus
810 800 922 836 simul
961 807 1240 837 consueverant
1277 800 1442 849 epulari.

238 850 391 900 Magnae
411 864 511 900 saepe
541 865 602 888 rcs
622 864 695 888 11011
714 853 767 888 ita
787 853 937 901 magnis
957 853 1075 901 copiis
1095 859 1183 889 sunt
1202 859 1320 901 gestae
1334 865 1345 899 3
1377 852 1444 889 sed

237 903 404 951 profecto
424 916 634 953 numquam
655 905 702 941 ab
736 911 814 941 tam
842 905 949 941 tenui
977 905 1085 942 initio
1105 911 1219 941 tantae
1238 917 1328 954 opes
1355 911 1444 942 sunt

237 956 458 1005 profligatae.
516 956 620 993 Nam
653 957 854 993 duodecim
889 956 1164 994 adolescentuli
1193 957 1367 993 coierunt
1395 970 1442 993 ex

237 1007 306 1051 his,
329 1008 393 1055 qui
414 1008 549 1044 exsilio
575 1015 683 1045 erant
712 1009 874 1053 multati,
896 1021 1016 1057 quum
1043 1010 1194 1046 omnino
1223 1021 1298 1045 non
1318 1016 1444 1046 essent

237 1060 400 1108 amplius
421 1067 587 1105 centum,
610 1062 676 1110 qui
707 1067 809 1097 tanto
838 1074 878 1097 se
898 1060 1077 1098 offerrent
1110 1061 1293 1110 periculo.
1351 1062 1444 1104 Qua

236 1112 428 1171 paucitate
460 1113 638 1172 perculsa
659 1120 714 1150 est
742 1112 1124 1150 Lacedaemoniorum
1153 1114 1331 1163 potentia.
1389 1114 1443 1150 Hi

236 1165 338 1200 enim
359 1177 434 1201 non
464 1166 587 1215 magis
608 1165 919 1202 advewsanmum
951 1166 1118 1226 factioni,
1152 1179 1268 1225 quam
1289 1166 1442 1215 Spar-ta

236 1217 307 1261 1113,
329 1230 372 1253 eo
404 1224 572 1266 tempore
599 1218 743 1254 bellum
777 1218 1002 1264 intuler,unt
1023 1219 1090 1277 qui
1123 1219 1315 1268 plincipes
1333 1225 1444 1256 erant

236 1270 349 1305 totius
384 1269 573 1316 Giaeciae3
620 1282 783 1318 quorum
816 1271 965 1319 imperii
996 1271 1188 1320 majestaS,
1227 1284 1353 1320 neque
1392 1272 1443 1308 ita

236 1321 356 1357 multo
389 1328 481 1370 post,
517 1321 726 1358 Leuctrica
760 1335 901 1372 pugna,
937 1323 984 1359 ab
1017 1323 1088 1360 1100
1117 1324 1223 1360 1111110
1252 1323 1441 1372 perculsa,

235 1373 412 1409 concidit.
470 1373 531 1410 Illi
565 1375 683 1424 igitur
701 1374 914 1420 duodecim,
936 1388 1099 1424 quorum
1119 1382 1202 1412 erat
1230 1375 1307 1413 dux
1337 1375 1442 1412 Pelo-

235 1425 353 1473 pidas,
375 1438 496 1474 quum
518 1426 682 1463 Athenis
701 1427 866 1464 interdiu
887 1428 1066 1472 exissent,
1089 1434 1130 1464 ut
1150 1433 1444 1477 vesperascente

235 1478 334 1514 ccelo
355 1478 510 1514 Thebas
540 1486 690 1527 possent
717 1480 931 1528 pervenire,
953 1492 1043 1516 011111
1071 1480 1233 1516 canibus
1258 1481 1444 1517 venaticis

234 1531 421 1574 exierunt,
445 1531 540 1567 retia
560 1530 736 1576 ferentes,
759 1532 897 1568 vestitu
918 1532 1072 1582 agresti,
1094 1545 1168 1581 quo
1197 1533 1341 1569 minore
1361 1545 1442 1569 sus-

235 1582 383 1630 picione
418 1582 588 1620 facerent
622 1584 707 1620 iter.
776 1584 856 1626 Qui
886 1597 1006 1633 quum
1040 1592 1206 1634 tempore
1241 1585 1332 1633 ipso,
1367 1597 1443 1633 quo

234 1635 470 1679 studuerant,
493 1637 766 1685 pervenissent,
789 1636 942 1672 domum
974 1636 1162 1673 Charonis
1189 1636 1440 1682 devenerunt,

235 1700 257 1722 a
277 1699 352 1734 quo
372 1694 408 1723 et
428 1694 578 1736 tempus
599 1694 635 1724 et
655 1688 734 1724 dies
754 1694 836 1724 erat
855 1688 978 1725 datus.

287 1738 355 1775 ΙΙΙ.
388 1739 473 1776 Hoc
494 1740 576 1776 loco
596 1740 688 1776 libet
716 1740 968 1789 interponere,
990 1741 1061 1776 etsi
1090 1740 1307 1787 sejunctum
1329 1741 1376 1776 ab
1400 1753 1442 1778 re

235 1791 421 1840 proposita
452 1798 519 1835 est,
560 1793 679 1828 nimia
716 1791 859 1828 fiducia
889 1799 1043 1841 quantae
1074 1793 1284 1828 calamitati
1322 1793 1442 1830 soleat

233 1855 332 1878 esse.
378 1843 480 1879 Nam
502 1845 796 1903 magistratuum
817 1844 1091 1880 Thebanorum
1112 1845 1238 1880 statim
1260 1844 1307 1880 ad
1328 1857 1442 1882 aures

234 1895 418 1942 pervenit,
435 1895 618 1932 exsules
608 1908 647 1932 111
668 1896 802 1932 urbem
819 1895 1030 1932 devenisse.
1088 1895 1130 1933 Id
1150 1897 1219 1940 illi,
1241 1897 1327 1933 vinc
1349 1910 1439 1947 epu-

234 1946 357 1995 lisque
378 1947 505 1992 dediti,
528 1960 648 1996 usque
669 1961 713 1984 eo
736 1947 1002 1997 despexerunt,
1026 1955 1066 1984 ut
1095 1961 1142 1985 ne
1163 1961 1337 1997 quaerere
1357 1950 1438 1998 qui-

233 1998 319 2035 dem
340 1999 385 2036 de
405 2005 511 2036 tanta
532 2012 572 2037 10
593 2000 810 2037 laborarint.
856 2001 1035 2037 Accessit
1050 2001 1177 2045 etiam,
1198 2000 1298 2060 quod
1318 2003 1442 2051 magis

234 2052 398 2100 aperiret
431 2064 564 2088 eorum
594 2052 837 2088 dementiam.
895 2052 1029 2089 Allata
1063 2059 1119 2089 est
1152 2054 1254 2089 enim
1283 2054 1441 2102 epistola

233 2103 397 2140 Athenis
426 2104 473 2140 ab
496 2104 655 2149 Archia,
678 2105 976 2164 [hierophante,]
999 2106 1066 2141 uni
1086 2118 1134 2141 ev
1167 2105 1236 2149 his,
1267 2106 1438 2151 Archiae,

232 2156 298 2203 qui
331 2162 413 2192 tum
447 2157 658 2193 maximum
692 2158 958 2206 magistratum
990 2157 1135 2194 Thebis
1168 2158 1370 2203 obtinebat,
1401 2159 1441 2194 in

233 2220 310 2255 qua
346 2209 474 2244 omnia
507 2209 552 2245 de
590 2208 822 2258 profectione
861 2209 1040 2246 exsulum
1078 2210 1289 2258 perscripta
1317 2217 1438 2247 erant.

234 2260 333 2301 Quae
353 2273 473 2309 quum
495 2260 576 2309 jam
606 2261 811 2298 accubanti
840 2262 878 2297 in
899 2263 1073 2299 convivio
1093 2270 1190 2299 esset
1219 2262 1318 2307 data,
1340 2263 1440 2299 sicut

233 2319 315 2348 erat
334 2313 495 2361 signata,
517 2314 586 2349 sub
616 2313 817 2363 pulvinum
838 2314 1057 2362 subjiciens,
1079 2316 1118 2351 z'n
1149 2315 1436 2359 crastinum-in-

235 2365 327 2411 quit,
358 2365 487 2414 differo
506 2378 568 2402 res
586 2378 748 2402 severas.
806 2367 861 2402 At
879 2367 935 2402 illi
955 2379 1098 2412 omnes,
1119 2379 1239 2416 quum
1263 2366 1345 2414 jam
1364 2378 1438 2402 nox

236 2418 489 2463 processisset,
511 2418 692 2454 vinolenti
713 2419 760 2454 ab
781 2419 992 2463 exsulibus,
1015 2419 1113 2456 duce
1135 2418 1328 2467 Pelopida,
1350 2424 1438 2456 sunt

237 2467 437 2505 interfecti.
494 2469 646 2512 Quibus
674 2471 788 2508 rebus
817 2470 1012 2516 canfectis,
1034 2471 1151 2520 vulgo
1179 2470 1226 2507 ad
1255 2481 1362 2507 arma
1394 2469 1436 2506 li-
