1651 2790
241 225 295 260 56
597 217 712 257 XIV.
745 223 782 258 6.
846 217 1088 269 (Datames.)

236 317 360 354 lantur
394 315 442 351 ad
479 326 608 351 eorum
643 315 866 363 perniciem,
903 325 1058 362 quorum
1091 313 1205 350 ductu
1240 326 1303 350 res
1334 312 1432 351 male

237 376 356 417 gestae
373 367 602 404 nuntientur.
659 367 773 403 Illum
791 366 864 402 hoc
881 367 1022 415 majore
1043 365 1122 402 fore
1143 365 1182 402 in
1202 365 1434 411 discrimine,

236 420 348 468 quod,
367 420 500 467 quibus
522 431 590 455 rex
608 418 772 454 maxime
789 418 952 462 obediat,
969 430 1036 454 eos
1056 417 1194 454 habeat
1213 417 1433 454 inimicissi-

186 476 208 510 5
236 484 332 509 mos.
388 471 548 507 Talibus
576 471 642 507 1116
670 470 808 507 litteris
830 470 1006 519 cognitis,
1026 482 1139 517 quum
1161 470 1241 518 jam
1259 469 1306 506 ad
1327 482 1434 506 exer-

238 525 352 561 citum
367 524 477 560 Acen
489 523 674 567 venisset,
687 523 786 570 quod
804 535 880 558 non
892 522 1098 570 ignorabat,
1113 534 1159 558 ea
1170 534 1260 558 vere
1281 522 1434 570 scripta,

237 575 460 613 desciscere
490 588 512 611 a
539 587 631 623 rege
653 575 858 611 constituit.
915 574 1052 621 Neque
1080 580 1208 610 tamen
1236 574 1435 621 quicquam

185 631 208 665 6
237 628 341 672 fecit,
361 628 460 675 quod
478 627 551 664 fide
573 640 642 663 sua
662 633 767 663 esset
786 627 993 675 indignum.
1051 626 1152 661 Nam
1172 625 1435 662 Mandroclem

236 681 457 728 Magnetem
477 679 661 715 exercitui
680 678 873 727 praefecit3
907 679 990 726 ipse
1012 690 1098 713 cum
1116 677 1196 713 suis
1225 677 1265 713 in
1286 677 1435 725 Cappa-

237 733 385 770 dociam
398 731 574 777 discedit,
585 732 898 782 conjunctamque
910 730 999 767 huic
1015 729 1315 779 Paphlagoniam
1323 741 1436 767 occu-

269 807 318 831 362
393 793 468 834 pat,
489 786 633 830 celans,
659 797 732 832 qua
750 785 941 820 voluntate
965 791 1071 820 esset
1089 783 1128 819 in
1147 795 1296 831 regem3
1337 783 1437 819 clam

237 846 263 864 a.
282 840 313 864 C·
331 846 358 863 ¹¹·
395 850 482 874 cum
501 837 757 874 Ariobarzane
773 836 865 873 facit
883 836 1100 879 amicitiam,
1115 848 1266 871 manum
1286 847 1435 883 compa-

236 898 303 934 rat,
323 891 436 926 urbes
456 890 619 926 munitas
639 889 720 926 suis
741 889 901 925 tuendas
920 888 1043 924 tradit.

188 946 204 979 1
290 943 360 979 VI.
394 942 474 978 Sed
493 941 575 978 haec
595 949 748 990 propter
765 941 931 977 hiemale
944 948 1092 988 tempus
1112 939 1236 975 minus
1253 951 1434 988 prospere

236 995 507 1043 procedebant.
563 994 690 1038 Audit,
712 993 864 1030 Pisidas
884 992 1065 1041 quasdam
1093 992 1223 1040 copias
1254 991 1435 1028 adversus

238 1060 280 1083 se
300 1059 447 1095 parare.
505 1046 646 1082 Filium
680 1058 725 1082 eo
755 1045 957 1081 Arsideum
990 1056 1076 1080 cum
1109 1043 1279 1080 exercitu
1312 1044 1434 1080 mittit.

239 1099 352 1136 Cadit
370 1099 409 1134 in
437 1098 570 1147 proelio
591 1098 833 1134 adolescens.
890 1096 1149 1133 Proficiscitur
1169 1108 1215 1132 eo
1234 1103 1341 1144 pater
1359 1108 1435 1132 non

237 1151 289 1188 ita
309 1164 395 1187 cum
412 1163 550 1199 magna
568 1163 692 1195 manu,
708 1150 852 1194 celans,
865 1156 1042 1197 quantum
1053 1149 1188 1184 vulnus
1206 1148 1436 1196 accepisset,

237 1204 337 1252 quod
364 1203 468 1252 prius
491 1202 538 1239 ad
569 1202 720 1239 hostem
747 1202 947 1250 pervenire
977 1201 1165 1249 cupiebat,
1184 1213 1295 1248 quam
1327 1200 1374 1236 de
1394 1212 1435 1236 re

237 1256 337 1292 male
369 1262 478 1303 gesta
510 1254 609 1291 fama
638 1254 686 1291 ad
718 1266 807 1290 suos
838 1253 1065 1302 perveniret,
1099 1265 1148 1288 ne
1183 1252 1336 1301 cognita
1367 1252 1433 1289 filii

185 1312 209 1344 2
238 1314 356 1344 morte
378 1306 492 1343 animi
525 1307 809 1343 debilitarentur
841 1306 1013 1342 militum.
1073 1305 1158 1347 Quo
1179 1304 1425 1340 contenderat

237 1359 424 1408 pervenit,
443 1359 580 1406 hisque
612 1359 710 1395 locis
732 1366 856 1394 castra
883 1357 999 1406 ponit,
1019 1364 1059 1393 ut
1090 1369 1213 1399 1160116
1245 1355 1435 1392 circumiri

238 1411 475 1448 multitudine
505 1411 806 1447 adversariorum
833 1417 977 1459 posset,
996 1421 1119 1456 neque
1148 1408 1336 1453 impediri,
1365 1420 1438 1456 quo

187 1467 209 1500 3
238 1464 362 1500 minus
383 1463 430 1499 ad
451 1463 706 1499 dimicandum
725 1475 876 1498 manum
894 1462 1052 1498 haberet
1072 1457 1300 1509 expeditam.
1344 1460 1438 1496 Erat

240 1528 325 1552 cum
346 1528 392 1551 60
419 1515 761 1559 Mithrobarzanes,
782 1526 894 1550 socer
922 1514 1017 1563 ejus,
1036 1505 1238 1562 praefectus
1259 1512 1436 1560 equitum.

238 1568 291 1612 Is,
319 1567 532 1616 desperatis
564 1567 697 1615 generi
726 1567 851 1611 rebus,
883 1566 930 1602 ad
963 1566 1094 1602 hostes
1123 1563 1335 1613 transfugit.
1394 1565 1439 1601 Id

241 1621 423 1656 Datames
457 1626 496 1655 ut
529 1619 683 1663 audivit,
715 1619 848 1663 sensit,
879 1619 913 1654 si
945 1618 985 1654 in
1016 1618 1162 1653 turbam
1196 1615 1353 1661 exisset,
1392 1618 1438 1653 ab

239 1672 392 1708 homine
426 1679 503 1707 tam
521 1671 745 1707 necessario
774 1683 817 1707 se
848 1670 1034 1713 relictum,
1056 1669 1216 1705 futurum
1249 1676 1289 1704 ut
1319 1669 1438 1704 ceteri

187 1728 211 1760 4
240 1724 442 1760 consilium
454 1730 713 1770 sequerentur.
742 1723 787 1759 In
799 1722 933 1770 vulgus
948 1721 1043 1757 edit:
1075 1732 1144 1756 suo
1157 1720 1263 1757 iussu
1278 1720 1438 1756 Mithro-

239 1777 441 1812 barzanem
472 1774 683 1822 profectum
714 1786 781 1822 pio
808 1773 978 1822 perfuga,
998 1785 1070 1820 quo
1089 1763 1240 1808 facilius
1260 1779 1437 1820 receptus

240 1827 472 1863 interficeret
499 1825 645 1862 hostes.
702 1826 830 1882 Quare
851 1824 1012 1872 relinqui
1032 1836 1120 1860 eum
1136 1836 1212 1859 non
1240 1836 1307 1872 par
1336 1836 1438 1868 esse,

242 1886 280 1915 et
298 1890 430 1914 omnes
453 1877 654 1913 confestim
673 1877 793 1924 sequi.
826 1876 938 1919 Quod
957 1876 991 1912 31
1011 1876 1135 1912 animo
1155 1882 1307 1912 strenuo
1323 1875 1438 1911 fecis-

241 1937 339 1975 sent,
358 1929 532 1973 futurum,
547 1937 591 1976 'ut
610 1928 818 1965 adversarii
837 1940 913 1964 non
932 1935 1090 1976 possent
1113 1926 1307 1971 resistere,
1327 1940 1439 1975 quum

190 1986 213 2019 5
243 1989 281 2019 et
312 1982 409 2018 intra
427 1981 569 2017 vallum
597 1988 635 2016 et
667 1980 759 2016 soris
789 1980 1036 2016 caederentur.
1094 1979 1181 2016 Hac
1201 1991 1242 2015 16
1271 1980 1438 2027 probata,

242 2033 453 2070 exercitum
492 2033 631 2077 educit,
674 2032 1019 2069 Mithrobarzanem
1057 2031 1296 2080 persequitur
1313 2045 1321 2070 ·,
1375 2032 1436 2078 qui

241 2093 381 2122 tantum
397 2085 496 2133 quod
515 2085 562 2121 ad
580 2084 713 2120 hostes
732 2091 972 2140 pervenerat,
982 2083 1164 2141 Datames
1186 2083 1296 2131 signa
1307 2082 1435 2119 inferri

191 2140 214 2175 6
237 2138 356 2187 jubet.
426 2137 582 2181 Pisidae,
612 2148 710 2172 nova
738 2149 779 2172 re
800 2135 989 2180 commoti,
1008 2135 1048 2171 in
1078 2134 1296 2183 opinionem
1325 2135 1436 2170 addu

243 2196 387 2234 cuntur,
421 2188 600 2237 perfugas
637 2188 737 2224 mala
772 2187 847 2223 fide
887 2187 1170 2236 compositoque
1208 2186 1365 2239 fecisse.
1401 2193 1439 2222 ut

241 2242 385 2290 recepti
409 2249 541 2277 essent
564 2239 697 2289 majori
718 2239 934 2275 calamitati.
990 2239 1158 2275 Primum
1177 2250 1244 2274 603
1267 2238 1440 2274 adoriun-

242 2301 313 2329 tur.
368 2293 429 2330 lhi
461 2305 585 2340 quum,
605 2292 694 2340 quid
722 2299 908 2340 ageretur,
929 2297 991 2327 aut
1018 2303 1132 2338 quare
1153 2290 1302 2334 fieret,
1293 2302 1440 2338 ignora-

242 2352 337 2389 rent,
359 2345 483 2381 coacti
503 2351 601 2389 sunt,
622 2356 707 2380 cum
727 2344 784 2379 eis
813 2356 994 2392 pugnare,
1015 2343 1063 2379 ad
1082 2355 1174 2390 quos
1203 2342 1439 2385 transierant,

245 2397 290 2432 ab
318 2397 454 2444 hisque
474 2404 588 2440 stare,
607 2408 700 2443 quos
721 2395 962 2443 reliquerant.
1020 2395 1167 2436 Quibus
1187 2405 1300 2441 quum
1317 2399 1438 2429 neutri

194 2450 216 2484 ¹7
247 2456 455 2498 parcerent,
469 2448 646 2484 celeriter
665 2454 752 2484 sunt
765 2447 924 2484 concisi.
955 2447 1139 2493 Reliquos
1160 2444 1313 2482 Pisidas
1326 2444 1425 2481 renis
