1651 2790
247 274 324 312 100
385 269 529 310 XXV.
589 275 626 318 6,
649 273 685 311 7.
750 268 817 324 (T.
840 268 1098 324 Pomponius
1118 270 1313 324 Atticus.)

237 371 288 414 Q.
310 371 442 409 Tullio
461 372 661 409 Ciceroni:
691 385 832 420 easque
852 381 1005 422 nuptias
1036 372 1087 409 M.
1109 372 1245 410 Cicero
1265 373 1438 411 concilia-

237 431 307 469 rat,
329 438 419 461 cum
453 437 528 473 quo
557 437 579 460 a
609 425 914 474 condiscipulatu
936 425 1089 461 vivebat
1122 426 1442 474 conjunctissime,

237 477 355 513 multo
375 478 491 514 etiam
521 476 762 522 familiarius,
784 490 899 526 quam
921 489 1008 513 cum
1030 478 1185 522 Quinto,
1209 486 1248 514 ut
1277 479 1442 527 judicari

235 530 361 579 possit,
396 530 482 579 plus
515 531 554 565 in
590 531 757 566 amicitia
794 530 921 566 valere
956 530 1241 566 similitudinem
1281 544 1441 577 morum,

235 595 350 631 quam
372 582 606 618 affinitatem.
653 582 838 619 Utebatur
859 590 983 619 autem
1005 583 1135 619 intime
1157 583 1207 624 Q.
1226 583 1440 629 Hortensio,

234 635 378 683 quibis
406 635 638 684 temporibus
668 636 924 684 principatum
955 635 1180 683 eloquentiae
1210 637 1372 680 tenebat,
1400 643 1442 673 ut

234 687 394 737 intelligi
414 699 487 723 non
509 694 645 737 posset,
668 695 753 723 uter
769 700 857 723 eum
891 688 977 736 plus
1005 688 1193 736 diligeret,
1215 688 1362 733 Cicero,
1393 700 1442 725 an

234 738 485 776 Hortensius:
530 747 566 776 et
596 740 645 783 id,
676 739 773 787 quod
810 747 893 776 erat
927 739 1208 785 difficillimum,
1239 741 1440 786 efficiebat,

233 798 284 836 ut,
307 792 405 828 inter
424 805 518 841 quos
547 799 662 829 tantae
682 791 807 828 laudis
827 799 926 829 esset
954 792 1159 837 aemulatio,
1192 793 1300 830 nulla
1328 794 1440 830 inter-

231 843 385 881 cederet
404 845 639 889 obtrectatio,
661 852 836 894 essetque
857 845 993 881 talium
1014 845 1184 881 virorum
1206 845 1356 895 copula.

285 896 355 933 VI.
386 896 427 933 In
440 897 639 946 republica
655 898 707 933 ita
722 905 895 933 versatus
909 904 976 941 est,
993 905 1033 934 ut
1046 910 1197 946 semper
1211 899 1440 947 optimarum

231 950 396 998 partium
417 956 453 986 ct
473 956 572 986 esset
592 957 628 986 et
648 950 944 993 existimaretur,
966 962 1089 999 neque
1110 956 1237 986 tamen
1257 963 1296 987 se
1317 951 1438 987 civili-

230 1002 301 1038 bus
322 1002 502 1038 fluctibus
531 1003 795 1047 committeret,
818 1003 918 1051 quod
952 1015 1025 1038 non
1047 1003 1170 1052 magis
1198 1015 1261 1039 eos
1296 1004 1335 1039 in
1369 1016 1440 1040 sua

230 1061 411 1103 potestate
445 1055 686 1091 existimabat
722 1068 817 1100 esse,
847 1055 913 1104 qui
947 1068 987 1091 se
1008 1055 1066 1091 his
1093 1055 1293 1099 dedissent,
1324 1068 1440 1104 cluam

177 1113 186 1125 ⁶
230 1107 295 1156 qui
329 1107 530 1143 maritimis
556 1107 809 1156 jactarentur.
868 1108 1042 1144 Honores
1073 1119 1146 1143 non
1182 1108 1297 1156 petiit,
1319 1121 1439 1156 quum

229 1160 265 1195 ei
297 1166 469 1208 paterent
501 1167 652 1209 propter
676 1160 735 1196 vel
768 1160 932 1210 gratiam
960 1160 1020 1196 vel
1048 1160 1292 1209 dignitatem:
1338 1160 1439 1209 quod

229 1224 354 1261 neque
375 1213 449 1261 peti
471 1225 575 1249 more
597 1213 796 1261 majorum,
819 1225 942 1261 neque
963 1213 1048 1261 capi
1069 1219 1216 1262 possent
1238 1225 1437 1249 conserva-

228 1265 277 1300 tis
306 1264 467 1313 legibuS,
491 1265 529 1300 in
563 1271 640 1301 tam
669 1265 799 1301 effusis
820 1266 983 1301 ambitus
1018 1265 1293 1314 largitionibus,
1315 1277 1438 1313 neque

228 1317 311 1366 geri
332 1329 352 1352 e
368 1317 565 1365 republica
579 1318 660 1354 sine
674 1317 857 1366 periculo,
874 1318 1062 1366 corruptis
1076 1318 1241 1353 civitatis
1255 1318 1435 1354 moribus.

231 1369 463 1405 Ati-hastam
498 1370 692 1418 publicam
721 1382 933 1418 numquam
963 1370 1135 1406 accessit.
1192 1369 1353 1405 Nullius
1383 1370 1438 1405 rei

228 1433 353 1469 neque
375 1434 483 1470 praes‚
506 1435 629 1470 neque
650 1434 834 1471 manceps
862 1421 987 1458 factus
1007 1429 1076 1459 est.
1136 1419 1344 1458 Neminem
1373 1434 1436 1458 ne-

229 1486 303 1522 que
325 1487 393 1510 suo
413 1475 576 1518 nomine,
598 1487 723 1523 neque
753 1474 1009 1519 subscribens,
1033 1474 1245 1510 accusavit.
1304 1473 1346 1510 In
1374 1474 1438 1522 jus

229 1527 274 1562 de
295 1539 366 1562 sua
387 1539 427 1563 re
448 1539 660 1575 numquam
680 1527 746 1572 iit3
775 1526 965 1575 judicium
985 1526 1134 1563 nullum
1156 1526 1300 1563 habuit.
1338 1525 1436 1562 Mul-

228 1585 353 1615 torum
387 1579 589 1615 consulum
623 1587 905 1628 praetorumque
937 1579 1185 1628 praefecturas
1218 1578 1362 1615 delatas
1381 1580 1436 1616 sic

229 1632 389 1680 accepit,
421 1639 463 1668 ut
482 1633 676 1668 neminem
706 1633 744 1667 in
774 1633 1012 1680 provinciam
1032 1633 1080 1668 sit
1108 1638 1275 1675 secutuS,
1298 1631 1436 1667 honore

229 1683 343 1720 fuerit
363 1691 574 1728 contentus,
598 1685 653 1720 rei
686 1683 886 1720 familiaris
906 1683 1120 1733 despexerit
1149 1683 1339 1719 fructum:
1369 1684 1434 1731 qui

227 1748 274 1772 ne
309 1749 398 1772 cum
433 1736 483 1778 Q.
520 1737 673 1785 quidem
704 1736 889 1772 Cicerone
924 1737 1086 1772 voluerit
1117 1736 1172 1771 ire
1206 1736 1245 1770 in
1284 1735 1432 1779 Asiam,

227 1800 345 1836 quum
380 1788 478 1837 apud
513 1801 602 1825 eum
636 1788 753 1837 legati
788 1789 915 1824 locum
948 1788 1116 1824 obtinere
1152 1794 1287 1835 posset.
1344 1786 1433 1823 Non

227 1841 329 1875 enim
361 1840 499 1876 decere
527 1853 567 1876 se
601 1840 870 1884 arbitrabatur,
906 1852 1024 1888 quum
1059 1846 1265 1888 praeturam
1297 1851 1432 1888 gerere

226 1892 421 1936 noluisset,
444 1893 632 1928 asseclam
648 1905 729 1928 esse
750 1893 932 1941 praetoris.
990 1891 1080 1933 Qua
1100 1892 1138 1927 in
1159 1903 1199 1927 rc
1216 1903 1286 1927 non
1308 1891 1432 1927 solum

227 1944 400 1994 dignitati
420 1945 621 1988 serviebat,
643 1944 708 1980 sed
729 1945 843 1981 etiam
864 1944 1141 1992 tranquillitati,
1163 1956 1282 1992 quum
1311 1944 1430 1992 suspi-

226 1998 354 2033 ciones
383 2009 533 2046 quoque
567 1998 704 2033 vitaret
737 1997 955 2033 criminum.
1013 1996 1102 2038 Quo
1132 1996 1256 2039 fiebat,
1279 2003 1320 2032 ut
1349 1996 1431 2044 ejus

225 2050 465 2086 observantia
484 2050 660 2085 omnibus
680 2056 777 2086 esset
797 2049 933 2094 carior,
955 2061 1074 2098 quum
1095 2061 1179 2084 eam
1200 2047 1335 2092 officio,
1357 2060 1430 2085 non

225 2102 351 2138 timori
371 2114 496 2150 neque
516 2103 595 2150 spei
615 2101 731 2138 tribui
751 2101 936 2138 viderent.

278 2154 366 2191 VII.
396 2154 532 2191 Incidit
552 2154 817 2191 Caesarianum
838 2154 952 2190 civile
988 2153 1145 2198 bellum,
1167 2165 1287 2201 quum
1316 2153 1428 2190 habe-

226 2213 282 2243 ret
303 2219 420 2243 annos
441 2207 595 2243 circiter
614 2208 824 2255 sexaginta.
881 2206 985 2243 Usus
1005 2213 1061 2242 est
1082 2207 1200 2242 {etatis
1216 2206 1427 2265 vacatione,

225 2271 349 2308 neque
371 2259 448 2308 [se]
469 2272 661 2308 quoquam
686 2260 803 2295 movit
823 2271 870 2295 ex
891 2259 998 2295 urbe.
1057 2258 1156 2300 Quae
1186 2258 1320 2294 amicis
1350 2259 1429 2295 suis

224 2324 317 2360 opus
349 2311 499 2349 fueiant
534 2311 577 2348 ad
614 2311 833 2360 Pompeium
868 2311 1205 2360 proficiscentibus,
1227 2311 1371 2346 omnia
1381 2322 1428 2346 ex

224 2376 295 2399 sua
324 2376 364 2400 re
399 2364 580 2401 familiali
609 2363 722 2400 dedit.
779 2364 908 2413 Ipsum
939 2364 1161 2413 Pompeium
1180 2362 1426 2410 conjunctum

224 2427 296 2451 non
313 2416 488 2453 offendit:
519 2417 669 2453 nullum
689 2416 829 2466 [enim]
851 2416 897 2452 ab
911 2429 955 2453 eo
974 2416 1137 2452 habebat
1149 2421 1426 2458 ornamentum,

225 2474 266 2503 ut
282 2469 411 2514 ceteri,
426 2470 490 2518 qui
511 2481 579 2518 per
591 2481 680 2506 eum
702 2476 767 2506 aut
786 2469 956 2514 honores,
972 2475 1038 2505 aut
1057 2468 1208 2504 divitias
1223 2472 1425 2514 ceperant3

223 2531 386 2567 quorum
421 2523 558 2570 partim
591 2522 807 2559 invitissimi
841 2528 968 2558 castra
1000 2527 1088 2557 sunt
1125 2519 1259 2563 secuti,
1290 2518 1426 2567 partim
