1651 2790
252 245 328 281 106
388 240 531 281 XXV.
581 245 808 289 16,17,18.
863 240 930 294 (Τ.
949 240 1150 294 Pompon.
1168 241 1362 293 Attzcus.)

244 343 303 388 rii,
325 343 398 394 Q.]
428 343 635 388 Hortensii,
666 343 763 379 Auli
797 343 996 392 Torquati,
1028 343 1234 380 multorum
1264 349 1448 392 praeterea

242 396 414 445 equitum
435 396 695 432 Romanorum
716 397 868 445 negotia
885 403 1120 445 procuraret.
1177 395 1238 431 Ex
1258 408 1333 444 quo
1348 395 1447 443 judi-

242 449 324 486 cari
350 455 508 498 poterat,
529 460 603 484 non
635 448 785 493 inertia,
807 448 872 485 sed
899 448 1044 497 judicio
1065 448 1208 498 fugisse
1229 448 1447 497 reipublicae

243 502 563 550 procurationem.

296 552 404 590 XVI.
435 553 696 590 Humanitatis
725 565 815 589 vero
839 553 990 589 nullum
1025 551 1160 589 afferre
1191 552 1316 601 majus
1347 553 1443 588 testi-

243 607 412 642 monium
432 618 596 655 possum,
611 618 728 654 quam
747 605 847 654 quod
867 605 1090 642 adolescens
1110 604 1211 641 idem
1227 605 1308 641 seni
1328 604 1447 641 Sullae

243 658 358 695 fuerit
373 658 690 706 jucundissimus,
711 670 830 694 senex
850 657 1081 693 adolescenti
1106 656 1160 692 M.
1181 656 1325 703 B1-ut0;
1357 669 1448 693 cum

241 711 455 760 aequalibus
476 717 603 747 autem
623 711 714 755 suis,
737 709 787 752 Q.
808 709 1011 746 Hortensio
1030 716 1067 746 et
1096 708 1150 745 Μ.
1173 708 1371 753 Cicerone,
1392 709 1447 746 sio

241 764 390 808 vixerit,
413 770 454 800 ut
476 763 653 812 judicare
682 762 837 799 difficile
857 763 916 805 sit,
938 762 1003 799 cui
1024 761 1125 798 aetati
1157 761 1271 798 fuerit
1300 762 1447 810 aptissi-

241 828 340 852 mus.
398 815 645 864 Quamquam
666 827 756 851 eum
777 815 968 864 praecipue
989 814 1122 850 dilexit
1150 814 1299 857 Cicero,
1328 820 1368 850 ut
1398 826 1446 850 ne

242 868 360 905 frater
379 868 534 917 quidem
554 868 589 904 ei
624 867 794 909 Quintus
821 868 946 904 carior
976 866 1090 903 fuerit
1111 873 1176 902 aut
1209 865 1445 903 familiarior.

242 921 291 957 Ei
320 922 376 957 rei
404 928 492 957 sunt
519 920 670 965 indicio,
694 926 830 968 praeter
859 932 924 956 eos
950 919 1077 964 libros,
1109 919 1148 954 in
1176 919 1315 967 quibus
1335 919 1380 955 de
1402 932 1446 955 ec

241 973 331 1010 facit
360 973 602 1017 mentionem,
632 973 699 1021 qui
726 972 765 1008 in
785 972 926 1021 vulgus
956 971 1077 1021 [jam]
1109 978 1199 1008 sunt
1231 971 1332 1015 editi,
1363 984 1445 1008 sex-

240 1025 364 1062 decim
384 1025 582 1062 volumina
612 1024 870 1074 epistolarum,
900 1025 947 1061 ab
975 1024 1177 1061 consulatu
1211 1024 1295 1072 ejus
1326 1036 1445 1073 usque

241 1078 289 1114 ad
318 1085 534 1114 extremum
561 1083 712 1126 tempus
733 1076 779 1113 ad
810 1077 986 1113 Atticum
1006 1076 1230 1113 missarum:
1260 1088 1347 1125 quae
1379 1076 1445 1124 qui

240 1130 354 1180 legat,
371 1143 442 1167 non
464 1130 628 1166 multum
641 1129 828 1166 desideret
848 1129 1043 1166 historiam
1056 1135 1271 1166 contextam
1291 1128 1444 1165 illorum

240 1190 468 1232 temporum.
517 1182 583 1219 Sic
603 1182 706 1218 enim
725 1182 855 1217 omnia
875 1182 921 1218 de
940 1181 1074 1218 studiis
1093 1181 1321 1230 principum,
1342 1181 1445 1217 vitiis

240 1235 396 1279 ducum,
411 1235 682 1272 mutationibus
709 1234 931 1282 reipublicae
952 1235 1160 1283 perscripta
1175 1239 1276 1278 sunt,
1293 1240 1333 1270 ut
1348 1233 1442 1269 nihil

239 1289 277 1324 in
308 1289 355 1324 iis
373 1300 448 1324 non
469 1294 662 1336 appareat,
690 1294 726 1323 et
756 1286 870 1323 facile
891 1287 1103 1323 existimari
1132 1286 1258 1335 possit,
1283 1285 1444 1335 pruden-

239 1341 331 1376 tiam
351 1339 628 1388 quodammodo
648 1352 730 1376 esse
751 1339 1036 1375 divinationem.
1082 1338 1171 1375 Non
1191 1338 1445 1375 enim-Cicero

240 1405 286 1429 ea
314 1392 449 1436 solum,
470 1404 557 1441 quae
576 1392 662 1428 vivo
692 1405 732 1428 se
754 1391 988 1435 acciderunt,
1011 1390 1141 1427 futura
1173 1391 1359 1440 praedixit,
1380 1390 1445 1428 sed

241 1446 367 1489 etiam,
389 1457 475 1493 quae
494 1457 597 1480 nunc
620 1457 692 1480 usu
713 1445 882 1488 veniunt,
904 1443 1056 1488 cecinit,
1080 1451 1121 1480 ut
1140 1450 1259 1480 vates.

294 1497 420 1534 XVII.
452 1496 510 1534 De
542 1498 680 1545 pietate
712 1504 838 1533 autem
859 1496 980 1532 Attici
1011 1495 1103 1544 quid
1136 1496 1247 1545 plura
1280 1508 1444 1533 comme-

241 1549 414 1586 morem?
449 1562 568 1599 quum
588 1549 659 1585 hoc
683 1550 808 1599 ipsum
829 1561 918 1585 vere
948 1548 1175 1597 gloriantem
1196 1548 1383 1585 audierim
1407 1548 1444 1584 in

241 1601 375 1639 funere
407 1602 538 1639 matris
571 1614 662 1646 suae,
694 1614 810 1650 quam
839 1601 975 1638 extulit
1008 1613 1193 1638 annorum
1226 1601 1444 1650 nonaginta,

239 1667 360 1703 quum
380 1661 476 1691 esset
505 1661 648 1703 septem
678 1662 714 1690 et
734 1654 944 1703 sexaginta,
966 1666 1006 1690 se
1026 1665 1238 1702 numquam
1257 1665 1346 1689 cum
1367 1665 1444 1688 ma-

240 1714 296 1743 tre
326 1707 364 1742 in
388 1707 551 1755 gratiam
579 1705 731 1750 redisse,
759 1718 970 1754 numquam
990 1718 1079 1741 cum
1108 1717 1235 1741 sorore
1258 1704 1374 1741 fuisse
1405 1705 1444 1740 in

241 1759 445 1803 simultate,
480 1771 595 1807 quam
629 1770 743 1806 prope
779 1758 966 1806 aequalem
999 1757 1173 1793 habebat.
1249 1756 1362 1798 Quod
1389 1763 1444 1793 est

241 1811 404 1860 signum,
427 1817 493 1846 aut
520 1809 668 1846 nullam
689 1822 871 1858 umquam
892 1810 989 1845 inter
1008 1822 1072 1845 eos
1092 1809 1367 1857 querimoniam
1388 1809 1442 1844 in-

241 1862 471 1906 tercessisse,
495 1868 559 1898 aut
588 1862 691 1898 hunc
726 1874 772 1898 ea
805 1860 922 1898 fuisse
942 1862 982 1897 in
1009 1873 1096 1897 suos
1116 1861 1366 1910 indulgentia,
1388 1868 1442 1905 ut,

196 1929 199 1931 ·
241 1927 335 1963 quos
355 1926 484 1950 amare
504 1914 668 1958 deberet,
690 1914 804 1949 irasci
820 1914 874 1949 eis
893 1912 1001 1950 nefas
1020 1913 1190 1950 duceret.
1247 1913 1387 1961 Neque
1407 1913 1443 1950 id

242 1966 332 2003 fecit
351 1973 489 2003 natura
509 1966 644 2009 solum,
665 1978 900 2014 quamquam
930 1978 1060 2002 omnes
1091 1966 1126 2002 ei
1156 1978 1347 2015 paremuS,
1378 1965 1442 2002 sed

242 2020 356 2056 etiam
376 2019 562 2056 doctrina.
619 2018 723 2054 Nam
744 2024 781 2054 et
810 2018 1026 2067 principum
1060 2018 1364 2067 philosophorum
1391 2018 1444 2055 ita

242 2078 421 2121 percepta
439 2071 571 2107 habuit
598 2077 799 2120 praecepta,
821 2077 862 2107 ut
881 2071 928 2107 iis
948 2070 995 2106 ad
1014 2070 1131 2106 vitam
1151 2070 1350 2119 agendam,
1369 2083 1444 2107 non

242 2123 289 2160 ad
309 2124 606 2168 ostentationem,
628 2129 813 2159 uteretur.

297 2175 442 2212 XVIII.
474 2174 592 2212 Moris
620 2176 735 2211 etiam
763 2174 951 2223 majorum
971 2187 1145 2211 summus
1175 2175 1342 2211 imitator
1374 2174 1445 2212 fuit

243 2228 553 2277 antiquitatisque
587 2234 752 2264 amator:
800 2239 916 2276 quarn
954 2227 1046 2263 adeo
1079 2227 1280 2276 diligenter
1312 2228 1445 2272 habuit

244 2281 447 2330 cognitam,
469 2287 510 2316 ut
537 2292 622 2316 eam
642 2286 757 2316 totam
785 2279 824 2315 in
844 2292 888 2316 eo
909 2279 1101 2316 volumine
1121 2280 1349 2328 exposuerit,
1370 2292 1444 2328 quo

245 2333 490 2381 magistratus
509 2332 669 2369 ornavit.
715 2331 838 2368 Nulla
857 2332 958 2368 enirn
978 2331 1052 2375 lex,
1074 2344 1197 2380 neque
1218 2344 1303 2380 pax,
1320 2344 1444 2379 neque

245 2384 401 2429 bellum,
422 2397 546 2434 neque
567 2397 628 2420 res
659 2383 818 2420 illustris
837 2390 894 2420 est
922 2384 1049 2433 populi
1070 2384 1245 2427 Romani,
1266 2395 1352 2432 quae
1371 2395 1444 2420 non

245 2435 285 2471 in
305 2449 348 2472 eo
368 2449 436 2473 suo
455 2443 623 2485 tempore
644 2437 691 2473 sit
710 2442 856 2473 notata:
885 2442 933 2482 et,
954 2436 1054 2485 quod
1074 2435 1341 2472 difficillimum
1362 2433 1443 2480 fuit,

244 2487 301 2524 sic
332 2487 566 2525 familiarum
587 2489 773 2538 originem
793 2488 1000 2533 subtexuit,
1029 2494 1071 2524 ut
1099 2500 1147 2524 ex
1176 2499 1220 2523 eo
1253 2487 1444 2524 clarorum
