1651 2790
305 252 363 290 22
627 248 702 290 IV.
756 253 791 298 1,
814 254 853 290 2.
903 250 1191 304 (Pausanias.)

509 451 614 500 IV.
697 451 1279 504 PAUSANIAS.

684 671 1097 709 ARGUMENTUM.

307 775 434 813 CAP.
455 775 489 812 I.
511 775 652 826 Pugna
671 777 721 813 acl
738 775 919 813 Plataeas.
968 775 1025 814 II.
1056 775 1287 826 Byzantium
1302 782 1501 826 expugnat,

354 828 475 865 Xerxi
479 828 602 878 favet,
623 829 772 866 Graeciae
781 829 943 879 futurus
951 829 1131 879 proditor.
1177 828 1259 865 III.
1279 828 1503 878 Peregrinis

355 881 514 917 moribus
547 882 624 930 ipse
657 895 695 917 se
725 882 864 931 prodit,
898 882 1109 931 scytalaque
1142 881 1284 917 domum
1312 888 1503 918 revocatus

355 933 514 970 Helotas
543 934 729 971 sollicitat.
787 934 860 970 IV.
896 934 1124 971 Litterarum
1150 934 1395 970 commercium
1423 947 1502 970 cum

354 986 479 1029 haste,-
512 987 752 1035 perturbatus
780 1000 818 1023 se
843 988 921 1036 ipse
947 986 1098 1023 indicat.
1173 986 1218 1022 V.
1251 985 1298 1022 In
1326 985 1501 1022 Minervae

355 1038 524 1087 templum
543 1037 720 1088 confugit,
740 1039 793 1075 ibi
811 1039 1013 1076 obstruitur
1032 1045 1065 1075 et
1083 1052 1163 1074 mox
1179 1039 1316 1075 interit.

255 1146 270 1181 1
357 1143 388 1179 Ι.
438 1143 664 1188 Pausanias,
700 1143 1027 1188 Lacedaemonius‚
1065 1155 1225 1191 magnus
1269 1142 1394 1187 homo,
1432 1142 1502 1179 sed

303 1195 428 1230 varius
458 1195 498 1231 in
526 1196 628 1231 omni
657 1208 799 1244 genere
828 1202 917 1232 vitae
949 1195 1030 1232 fuit.
1098 1195 1199 1232 Nam
1225 1202 1265 1231 ut
1302 1194 1501 1231 virtutibus

250 1252 271 1284 2
303 1247 431 1291 eluxit,
453 1247 510 1283 sio
530 1247 634 1284 vitiis
662 1255 721 1284 est
749 1249 914 1284 obrutus.
971 1248 1097 1296 Hujus
1125 1247 1424 1284 illustrissimum
1444 1253 1502 1283 est

459 1299 633 1348 proelium
652 1300 751 1348 apud
771 1300 948 1338 Plataeas.
1000 1300 1175 1358 Namque
1194 1299 1261 1335 illo
1281 1299 1378 1335 duce
1400 1299 1502 1336 Mar-

320 1338 390 1394 (ξ’ἓῇ
458 1352 606 1397 (10111118,
629 1359 809 1410 satrapes
839 1353 982 1401 regius,
1018 1352 1171 1388 natione
1210 1343 1364 1396 Medus,
1397 1351 1501 1400 regis

297 1404 406 1461 ξῐέῡξι
459 1417 588 1452 gener,
626 1405 666 1440 in
697 1405 828 1453 primis
867 1405 1034 1441 omnium
1071 1405 1277 1440 Persarum
1313 1411 1352 1440 et
1387 1416 1502 1441 manu

459 1456 565 1492 fortis
601 1464 639 1493 et
664 1457 818 1493 consilii
847 1457 1114 1505 Ρ1011118,011111
1143 1455 1318 1492 ducentis
1347 1455 1501 1492 milibus

300 1509 479 1557 peditum,
499 1521 593 1566 quos
614 1509 753 1545 viritim
779 1509 938 1558 legerat,
959 1516 998 1544 01
1014 1508 1151 1557 viginti
1183 1507 1370 1558 [milibus]
1397 1508 1502 1556 equi-

300 1569 387 1605 tum,
408 1560 509 1596 haud
536 1561 589 1597 ita
615 1574 753 1610 magna
779 1574 893 1598 manu
923 1561 1082 1597 Graeciae
1103 1560 1254 1618 fugatus
1284 1567 1354 1605 est,
1379 1572 1500 1608 eoque

249 1617 270 1650 3
300 1614 384 1671 ipse
416 1613 492 1649 dun
522 1613 664 1649 cecidit
690 1614 837 1662 proelio.
895 1613 982 1655 Qua
999 1613 1161 1648 victoria
1189 1612 1311 1647 elatus
1334 1612 1501 1669 plurima

302 1666 465 1701 miscere
488 1666 613 1713 coepit,
634 1672 672 1701 et
689 1666 832 1714 majora
851 1665 1142 1713 concupiscere.
1187 1663 1267 1699 Sed
1286 1664 1446 1712 primum
1461 1664 1501 1700 111

301 1729 347 1753 eo
379 1723 438 1753 est
464 1716 734 1774 repreliensus,
761 1716 861 1764 quod
891 1728 940 1752 ex
970 1716 1097 1764 praeda
1124 1714 1312 1772 tripodem
1346 1728 1500 1752 aureum

304 1768 466 1816 Delphis
486 1768 691 1816 posuisset,
712 1769 982 1817 epigrammate
999 1767 1153 1816 scripto,
1169 1767 1209 1803 in
1228 1779 1301 1815 quo
1322 1774 1402 1804 erat
1415 1767 1498 1804 haec

301 1819 490 1857 sententia
505 1834 512 1856 :
537 1832 605 1856 suo
619 1820 733 1856 ductu
747 1821 926 1857 barbaros
940 1820 1038 1868 apud
1054 1819 1216 1856 Plataeas
1233 1832 1321 1856 esse
1338 1819 1499 1865 deletos,

250 1877 272 1909 4
303 1874 458 1921 ejusque
491 1871 660 1908 victoriae
690 1885 780 1921 ergo
813 1872 984 1920 Apollini
1018 1871 1157 1908 donum
1187 1871 1357 1908 dedisse.
1413 1871 1499 1909 Hos

300 1937 435 1960 versus
458 1923 739 1961 Lacedaemonii
755 1925 1059 1973 exsculpserunt,
1074 1936 1198 1972 neque
1216 1924 1318 1960 aliud
1333 1923 1500 1973 scripse-

301 1983 396 2021 runt,
428 1989 539 2024 quam
569 1977 723 2012 nomina
761 1989 891 2013 earum
927 1976 1132 2021 civitatum,
1163 1988 1319 2024 quarum
1356 1975 1499 2013 auxilio

303 2029 432 2065 Persae
453 2036 559 2065 erant
576 2028 681 2065 victi.

252 2084 263 2117 J
353 2081 407 2117 II.
438 2080 532 2117 Post
550 2080 589 2117 id
608 2081 782 2130 proelium
810 2080 985 2117 eumdem
1013 2080 1245 2116 Pausaniam
1265 2092 1351 2116 cum
1370 2080 1497 2116 classe

329 2150 378 2174 477
459 2133 647 2169 communi
669 2133 837 2182 Cyprum
857 2140 966 2180 atque
988 2132 1284 2181 Hellespontum
1301 2132 1498 2177 miserunt,

297 2190 322 2207 ἢ·
335 2183 366 2207 C·
379 2189 406 2207 ¹¹·
457 2191 497 2220 ut
517 2197 565 2220 ex
583 2184 644 2221 his
664 2186 884 2234 regionibus
912 2185 1153 2221 barbarorum
1170 2184 1349 2232 praesidia
1367 2183 1499 2232 depel-

249 2240 270 2272 2
300 2237 408 2273 leret.
465 2237 556 2273 Pari
576 2237 759 2273 felicitate
794 2237 833 2273 in
863 2250 909 2273 ea
937 2249 978 2273 re
1007 2249 1099 2272 usus
1131 2236 1267 2272 elatius
1297 2248 1340 2272 se
1354 2248 1497 2284 *gerere

302 2289 426 2336 coepit‚
447 2289 684 2337 majoresque
714 2296 893 2337 appetere
914 2301 989 2325 res.
1045 2288 1147 2324 Nam
1165 2301 1289 2336 quum,
1311 2287 1497 2336 Byzantio

303 2347 528 2396 expugnato,
549 2342 720 2389 cepisset
734 2342 953 2398 complures
981 2341 1185 2378 Peisarum
1202 2341 1364 2384 nobiles,
1385 2345 1496 2385 atque
1557 2369 1563 2374 .

301 2391 341 2427 in
359 2392 420 2427 his
438 2393 641 2429 nonnullos
661 2406 764 2442 regis
784 2393 1028 2441 propinquos,
1040 2392 1111 2429 hos
1133 2393 1232 2429 clam
1251 2390 1373 2428 Xerxi
1385 2390 1497 2426 remi-

301 2443 362 2487 sit,
384 2443 578 2488 simulans,
600 2458 649 2480 ex
667 2445 830 2481 1111011118
851 2446 1015 2494 publicis
1036 2444 1243 2492 effugisse,
1273 2448 1310 2478 et
1330 2454 1416 2477 cum
1433 2440 1494 2478 his

303 2494 522 2542 Gongylum
552 2496 826 2540 Eretriensem‚
857 2497 920 2543 qui
949 2497 1094 2532 litteras
1128 2495 1211 2543 regi
1239 2493 1426 2537 redderet,
1455 2493 1494 2530 in
