1651 2790
194 2365 212 2397 1

247 221 302 257 72
562 216 721 257 XVIII.
785 221 802 256 1
811 248 819 256 .
882 217 1137 269 (Eumenes.)

243 318 431 356 habuerat
460 319 497 355 in
532 319 742 356 tribuendis
771 319 888 356 animi
907 321 1122 366 virtutibus,
1143 321 1199 357 sic
1232 321 1444 358 maleficam

242 378 378 407 nactus
411 378 466 408 est
494 373 534 407 in
567 385 723 422 corpore
754 372 943 421 fingendo.
1001 373 1105 409 Nam
1135 379 1172 409 et
1200 380 1346 410 statura
1376 373 1444 411 fuit

243 423 392 468 humili,
409 432 446 460 et
466 437 621 473 corpore
642 426 792 474 exiguo,
813 432 851 461 et
870 425 1032 461 claudus
1053 425 1169 461 altero
1189 425 1296 474 pede.
1345 426 1445 468 Quae

243 487 304 512 res
324 477 437 512 etiam
457 477 681 514 nonnullam
710 477 891 513 afferebat
923 476 1220 514 deformitatem:
1251 485 1362 526 atque
1391 480 1444 528 ig-

241 529 330 573 noti,
353 528 490 565 faciem
510 529 594 578 ejus
613 542 733 578 quum
761 530 1011 574 intuerentur,
1033 530 1347 577 contemnebant3
1379 532 1445 579 qui

243 587 370 617 autem
404 582 562 618 virtutes
594 588 789 626 noverant,
823 594 897 618 non
926 589 1097 630 poterant
1130 581 1311 618 admirari
1338 584 1442 619 satis.

242 632 355 674 Quod
389 634 424 669 ei
459 646 531 670 usu
552 635 666 679 venit,
696 646 816 683 quum
845 646 1031 671 annorum
1061 635 1251 683 octoginta
1279 635 1445 671 subsidio

243 685 376 722 Tacho
395 687 434 721 in
450 686 664 735 AEgyptum
684 687 800 731 iisset,
818 693 854 722 et
873 687 913 722 in
929 694 1014 723 acta
1034 699 1123 723 cum
1143 686 1222 722 suis
1243 687 1443 723 accubuis-

241 744 298 774 set
331 738 411 774 sine
441 738 520 774 ullo
548 746 671 785 tecto;
703 746 940 787 stratumque
975 739 1131 775 haberet
1160 738 1248 783 tale,
1270 746 1312 775 ut
1343 745 1442 775 terra

241 796 341 826 tecta
361 797 459 827 esset
489 792 718 835 stramentis,
746 804 870 839 neque
901 791 977 828 huc
999 791 1175 840 ampliuS,
1196 803 1311 839 quam
1337 791 1446 840 pellis

241 849 340 879 esset
372 843 537 892 injecta3
581 843 789 892 codemque
824 843 980 880 comites
1012 856 1142 880 omnes
1177 843 1446 880 accubuissent

242 896 379 932 vestitu
413 896 548 931 humili
583 902 696 944 atque
729 896 905 940 obsoleto,
942 904 983 931 ut
1016 908 1148 932 eorum
1182 903 1337 931 ornatus
1370 908 1445 932 non

242 947 349 984 modo
381 948 420 983 in
453 948 512 984 his
540 960 669 997 regem
690 949 881 984 neminem
910 947 1155 996 significaret,
1185 947 1251 983 sed
1283 947 1445 984 hominis

241 1012 314 1035 non
335 1000 542 1036 beatissimi
561 1001 816 1049 suspicionem
836 1000 1033 1049 praeberet.
1066 999 1195 1047 Hujus
1215 999 1260 1035 de
1277 999 1443 1036 adventu

243 1051 345 1088 fama
365 1065 484 1101 quum
507 1052 553 1088 ad
583 1053 708 1102 regios
728 1060 825 1089 esset
845 1052 1003 1101 perlata,
1026 1051 1203 1088 celeriter
1222 1064 1383 1088 munera
1401 1065 1445 1088 eo

241 1105 431 1153 cujusque
460 1105 612 1154 generis
633 1112 721 1141 sunt
750 1105 878 1141 allata.
935 1104 1008 1140 His
1027 1104 1286 1153 quaerentibus
1306 1105 1443 1153 Agesi-

241 1157 347 1192 laum
368 1158 431 1192 vix
452 1157 546 1193 fides
575 1157 676 1193 facta
696 1165 762 1202 est,
785 1169 905 1193 unum
925 1169 1006 1193 esse
1027 1169 1074 1192 ex
1095 1156 1165 1201 his,
1187 1157 1253 1204 qui
1281 1164 1362 1192 turn
1383 1169 1443 1193 ac-

241 1209 446 1245 cubabant.
504 1209 583 1251 Qui
604 1222 724 1258 quum
745 1210 845 1259 regis
873 1209 1010 1253 verbis,
1031 1221 1118 1257 quae
1146 1208 1362 1253 attulerant,
1383 1208 1443 1245 de-

242 1261 394 1306 dissent,
416 1261 481 1297 ille
502 1268 638 1310 praeter
653 1261 814 1298 vitulina
834 1268 870 1298 et
890 1261 1106 1309 hujusmodi
1125 1273 1269 1310 genera
1287 1262 1443 1309 opsonii,

241 1326 329 1361 quae
364 1326 530 1362 praesens
567 1320 717 1363 tempus
747 1314 996 1357 desiderabat,
1031 1313 1124 1349 nihil
1159 1313 1331 1360 accepit3
1378 1325 1443 1349 un-

241 1372 395 1414 guenta,
411 1378 581 1410 coronas,
603 1365 887 1415 secundamque
903 1378 1074 1402 mensam
1093 1365 1214 1401 servis
1234 1365 1442 1413 dispertiit;

242 1425 372 1454 cetera
402 1417 537 1455 referri
563 1418 689 1467 jussit.
761 1418 849 1460 Quo
883 1417 982 1454 facto
1016 1430 1105 1453 eum
1139 1417 1291 1453 barbari
1324 1418 1446 1467 magis

242 1471 356 1506 etiam
378 1477 673 1515 contemserunt,
695 1471 794 1519 quod
829 1483 918 1506 eum
948 1470 1170 1519 ignorantia
1184 1469 1368 1505 bonarum
1389 1482 1444 1505 re-

242 1535 326 1558 rum
347 1523 411 1559 illa
433 1523 668 1572 potissimum
684 1523 890 1572 sumpsisse
907 1522 1201 1559 arbitrabantur.
1234 1521 1310 1558 Hic
1327 1534 1446 1570 quum

242 1588 288 1611 ex
318 1575 487 1624 AEgypto
521 1583 787 1620 reverteretur,
818 1575 976 1611 donatus
1006 1587 1027 1610 a
1057 1587 1147 1623 rege
1181 1573 1446 1610 Nectanabide

242 1627 418 1664 ducentis
453 1628 588 1677 viginti
622 1628 785 1672 talentis,
821 1639 907 1676 quae
941 1627 1005 1662 ille
1039 1627 1189 1662 muneri
1219 1626 1356 1674 populo
1377 1638 1446 1662 suo

242 1679 360 1723 daret,
383 1680 622 1728 venissetque
654 1681 693 1716 in
727 1687 888 1729 portum,
909 1679 974 1727 qui
1005 1678 1171 1714 Menelai
1191 1685 1361 1721 vocatur,
1387 1678 1444 1725 ja-

242 1744 334 1767 cens
353 1732 451 1767 inter
470 1731 646 1779 Cyrenas
665 1739 701 1768 et
727 1732 953 1780 AEgyptum,
975 1731 1012 1765 in
1034 1730 1208 1766 morbum
1237 1729 1446 1777 implicitus

242 1783 417 1819 decessit.
475 1783 533 1819 Ibi
554 1796 643 1819 eum
664 1784 790 1826 amici,
811 1795 886 1831 quo
906 1782 1083 1830 Spartam
1105 1781 1257 1817 facilius
1278 1780 1446 1830 perferre

242 1841 403 1884 possent,
424 1835 524 1883 quod
555 1836 630 1871 mel
663 1847 737 1871 non
766 1835 965 1878 habebant,
987 1846 1077 1870 cera
1103 1832 1446 1878 circumfuderunt,

242 1895 355 1936 atque
375 1887 428 1923 ita
447 1887 598 1923 domum
621 1887 845 1924 retulerunt.

454 2151 719 2200 XVIII.
788 2151 1246 2199 EUMENES.

297 2360 327 2397 l.
360 2360 556 2406 Eumenes,
591 2360 813 2397 Cardianus.
871 2360 1000 2409 Hujus
1033 2361 1065 2397 si
1098 2361 1228 2397 virtuti
1261 2371 1330 2408 par
1361 2358 1448 2395 data

245 2419 343 2449 esset
362 2412 524 2459 fortuna,
544 2426 617 2450 non
637 2413 702 2450 ille
723 2413 876 2462 quidem
889 2413 1021 2462 major,
1042 2412 1107 2450 sed
1128 2412 1246 2449 multo
1265 2411 1448 2448 illustrior

245 2470 359 2513 atque
389 2465 504 2501 etiam
536 2466 775 2503 honoratior:
805 2465 904 2514 quod
933 2478 1091 2515 magnos
1119 2463 1289 2502 homines
1307 2462 1446 2500 virtut:
