1651 2790
463 225 626 267 XXIII.
687 230 819 274 9,10.
884 224 1154 279 (Hannibal.)
1356 229 1409 267 93

207 328 348 380 duplex
369 329 553 366 memoria
587 328 732 378 prodssta
761 334 829 364 est.
887 327 1068 376 Namque
1102 328 1167 364 alii
1197 327 1411 377 naufragio,

208 382 273 418 alii
293 395 315 419 a
334 383 454 419 servis
488 382 608 430 ipsius
641 380 888 417 interfectum
908 393 1009 424 eum,
1031 381 1217 428 scriptum
1248 381 1409 428 reliquo-

207 441 306 471 runt.
363 435 580 471 Antiochus
601 441 739 477 autem,
761 434 792 469 si
813 440 891 469 tam
923 433 961 468 in
983 432 1129 481 agendo
1159 433 1256 469 bello
1278 445 1410 481 parere

207 487 387 524 voluisset
408 487 577 524 consiliis
597 486 691 535 ejus,
714 498 831 534 quam
861 486 898 520 in
919 485 1161 533 suscipiendo
1181 486 1408 527 instituerat,

205 541 359 589 propius
379 540 524 583 Tiberi,
547 552 661 588 quam
693 538 966 587 Thermopylis
1000 537 1045 574 de
1079 549 1230 573 summa
1262 538 1410 586 imperii

205 592 437 629 dimicasset.
495 592 624 634 Quem
645 591 715 628 etsi
744 591 866 627 multa
886 590 1000 627 stulte
1020 590 1151 626 conari
1172 589 1334 633 videbat,
1356 596 1408 625 ta-

205 657 291 681 men
313 645 420 682 nulla
441 644 607 681 deseruit
627 645 666 680 in
687 656 741 679 re.
791 642 946 679 Praefuit
966 642 1100 691 paucis
1119 642 1292 686 navibus,
1313 654 1410 690 quas

205 709 251 732 ex
273 697 388 744 Syria
413 698 544 746 jussus
565 703 647 733 erat
675 697 714 732 in
736 696 871 732 Asiam
893 696 1049 739 ducere,
1072 695 1206 743 hisque
1230 694 1410 730 adversus

206 748 440 787 Rhodiorum
461 750 623 786 classem
644 749 683 785 in
713 748 937 797 Pamphylio
957 748 1054 784 mari
1083 747 1264 783 conflixit.
1321 746 1410 788 Quo

204 814 323 850 quum
344 802 586 838 multitudine
607 801 914 838 adversariorum
934 801 994 837 sui
1013 806 1299 849 superarentur,
1316 799 1407 848 ipse,

203 866 277 902 quo
298 867 417 891 cornu
439 867 519 891 rem
538 855 666 902 gessit,
689 853 760 890 fuit
779 853 964 902 superior.

255 906 324 942 IX.
357 907 548 944 Antiocho
570 905 711 956 fugato,
734 919 882 950 verens,
904 918 951 941 ne
971 904 1185 949 dederetur,
1207 903 1306 953 quod
1327 904 1407 939 sine

202 957 315 996 dubio
336 959 548 1004 accidisset,
570 959 602 996 si
636 960 696 996 sui
731 958 884 995 fecisset
917 964 1150 1007 potestatem,
1172 957 1325 994 Cretam
1361 956 1407 991 ad

203 1009 408 1060 Gortynios
429 1013 543 1057 venit,
566 1019 607 1049 ut
641 1012 703 1056 ibi,
725 1024 799 1060 quo
830 1024 870 1047 se
901 1009 1102 1053 conferret,
1135 1009 1404 1046 consideraret.

203 1062 308 1101 Vidit
342 1071 468 1100 autem
489 1066 548 1101 vir
577 1065 747 1101 omnium
778 1063 1059 1106 callidissimus,
1082 1074 1220 1111 magno
1253 1075 1293 1098 se
1329 1061 1406 1097 fore

201 1116 384 1164 periculo,
405 1118 476 1153 nisi
511 1117 603 1166 quid
636 1117 871 1166 providisset,
895 1122 1046 1165 propter
1082 1115 1281 1151 avaritiam
1317 1114 1405 1150 Cre-

201 1169 378 1205 tensium.
437 1169 621 1219 Magnam
641 1170 743 1206 enim
764 1181 897 1205 secum
926 1168 1129 1216 pecuniam
1157 1167 1338 1215 portabat,
1360 1166 1405 1202 de

201 1232 278 1268 qua
297 1222 442 1258 sciebat
457 1223 580 1259 exisse
603 1222 758 1258 famam.
816 1221 949 1269 Itaque
970 1220 1072 1269 capit
1092 1219 1167 1255 tale
1188 1219 1402 1255 consilium.

202 1273 419 1322 Amphoras
453 1275 669 1324 complures
689 1273 852 1322 complet
872 1273 1052 1322 plumb03
1083 1284 1253 1308 summas
1286 1271 1406 1320 operit

202 1337 296 1362 auro
315 1333 352 1362 et
372 1334 542 1375 argento.
600 1326 695 1371 Has,
717 1326 967 1375 praesentibus
987 1324 1234 1373 principibus,
1256 1323 1407 1372 deponit

201 1376 240 1411 in
260 1378 400 1426 templo
419 1378 566 1423 Dianae,
583 1379 781 1422 simulans,
796 1391 836 1414 se
852 1391 942 1414 suas
963 1377 1132 1414 fortunas
1152 1377 1304 1413 illorum
1319 1376 1406 1411 fidei

202 1428 372 1466 credere.
428 1429 501 1466 His
521 1431 559 1466 in
579 1443 748 1467 errorem
779 1430 956 1473 induetis,
978 1435 1122 1466 statuas
1151 1441 1289 1472 oeneas,
1311 1440 1407 1476 quas

201 1493 335 1518 secum
356 1482 537 1531 portabat,
559 1495 690 1518 omnes
710 1494 780 1518 sua
811 1482 977 1530 pecunia
996 1481 1170 1529 complet,
1192 1493 1333 1528 easque
1367 1480 1405 1515 in

202 1535 399 1583 propatulo
420 1534 520 1570 domi
541 1535 683 1583 abjicit.
742 1534 920 1582 Gortynii
946 1533 1130 1581 templum
1151 1545 1291 1581 magna
1311 1544 1404 1568 cura

202 1587 429 1631 custodiunt,
452 1599 526 1623 non
561 1593 638 1624 tam
669 1599 689 1622 a
710 1586 859 1630 ceteris,
892 1598 1007 1634 quam
1029 1585 1075 1621 ab
1106 1584 1337 1627 Hannibale,
1358 1596 1405 1619 ne

200 1638 278 1682 ille,
300 1639 548 1675 inscientibus
568 1639 637 1684 his,
659 1639 807 1675 tolleret
827 1650 1037 1685 secumque
1057 1637 1228 1673 duceret.

255 1690 302 1727 X.
335 1691 413 1736 Sic,
448 1692 682 1728 conservatis
703 1692 782 1727 suis
816 1691 939 1735 rebus,
975 1690 1128 1733 Poenus,
1164 1689 1287 1725 illusis
1316 1689 1405 1725 Cre-

200 1744 370 1780 tensibus
408 1744 596 1788 omnibus,
636 1744 682 1780 ad
729 1743 905 1779 Prusiam
944 1743 982 1778 in
1022 1742 1182 1778 Pontum
1220 1743 1404 1790 pervenit.

202 1796 318 1844 Apud
339 1808 452 1844 quern
473 1796 603 1832 eodem
625 1797 750 1832 animo
772 1795 841 1832 fuit
862 1807 953 1844 erga
973 1795 1135 1838 Italiam,
1158 1806 1281 1842 neque
1303 1793 1404 1829 aliud

201 1848 409 1897 quidquam
431 1849 520 1898 egit,
542 1861 659 1897 quam
679 1861 809 1898 regem
830 1849 993 1884 armavit
1013 1854 1049 1883 et
1078 1847 1254 1882 exercuit
1275 1846 1405 1882 adver-

201 1913 267 1936 sus
297 1900 502 1937 Romanos.
561 1901 689 1943 Quem
724 1913 843 1949 quum
864 1900 1010 1936 videret
1044 1899 1259 1935 domesticis
1293 1899 1407 1935 rebus

202 1953 329 1989 minus
349 1966 430 1990 esse
461 1954 669 1998 robustum,
692 1954 922 1990 conciliabat
955 1959 1101 1989 ceteros
1130 1963 1251 2001 reges,
1275 1951 1405 2000 adjun-

201 2005 391 2054 gebatque
426 2006 627 2042 bellicosas
658 2007 842 2042 nationes.
900 2004 1117 2041 Dissidebat
1137 2004 1183 2039 ab
1203 2017 1247 2040 eo
1268 2003 1406 2052 Perga-

202 2069 338 2094 menus
358 2070 437 2103 rex,
459 2058 667 2103 Eumenes,
690 2058 874 2095 Romanis
896 2057 1162 2100 amicissimus,
1186 2056 1406 2104 bellumque

202 2109 300 2146 inter
320 2123 383 2146 eos
402 2111 608 2159 gerebatur
620 2118 656 2147 et
677 2111 774 2147 mari
795 2118 830 2147 et
850 2117 974 2146 terra:
1006 2122 1080 2158 quo
1094 2109 1216 2156 magis
1229 2109 1406 2156 cupiebat

204 2173 294 2197 cum
328 2162 523 2199 Hannibal
544 2164 718 2213 opprimi.
776 2163 851 2199 Sed
885 2162 1084 2210 utrobique
1106 2160 1302 2196 Eumenes
1322 2160 1406 2208 plus

204 2213 355 2250 valebat
375 2221 526 2262 propter
546 2215 805 2252 Romanorum
826 2215 1043 2251 societatem
1062 2227 1069 2249 :
1100 2225 1215 2261 quem
1235 2213 1266 2248 si
1287 2224 1403 2248 remo-

204 2266 331 2309 visset,
355 2265 526 2302 faciliora
547 2268 617 2303 sibi
637 2274 766 2304 cetera
787 2267 865 2303 fore
893 2266 1161 2302 arbitrabatur.
1220 2264 1283 2300 Ad
1304 2265 1406 2300 hunc

204 2317 510 2354 interficiendum
532 2319 646 2355 talem
667 2320 749 2356 iniit
769 2320 967 2356 rationem.
1025 2318 1155 2354 Classe
1177 2317 1310 2365 paucis
1330 2317 1404 2353 die-

205 2370 277 2407 bus
296 2378 404 2407 erant
424 2370 628 2406 decreturi.
678 2371 941 2420 Superabatur
963 2371 1120 2406 navium
1140 2369 1405 2406 multitudine:

205 2421 288 2459 dolo
308 2430 390 2460 erat
418 2423 680 2472 pugnandum,
702 2435 821 2472 quum
850 2434 918 2471 par
938 2435 1011 2458 non
1032 2428 1130 2458 esset
1151 2422 1278 2457 armis.
1334 2421 1405 2458 Im-

205 2476 352 2529 peravit
371 2488 487 2527 quam
507 2475 691 2526 plurimas
704 2482 910 2512 venenatas
923 2481 1116 2524 serpentes
1136 2474 1243 2510 vivas
1262 2473 1405 2527 colligi,

1436 1064 1459 1096 10

1435 2162 1458 2196 00
