1651 2790
444 246 497 286 Il.
549 251 586 296 6,
611 250 649 286 7.
699 247 1048 297 (Themistocles.)
1298 253 1347 290 17

134 353 212 392 ·rat,
247 345 383 382 eadem
418 344 544 381 minus
579 344 714 381 diebus
747 344 902 393 triginta
935 345 975 381 in
1004 345 1138 382 Asiam
1170 359 1348 384 reversus

146 408 205 435 est
224 411 343 447 seque
365 411 387 434 a
407 397 674 434 Themistocle
694 409 771 433 non
798 406 1028 445 superatum,
1050 398 1120 434 sed
1147 411 1350 435 conserva-

144 458 223 489 tum
245 450 445 500 judicavit.
481 450 548 487 Sic
569 450 682 486 unius
701 449 772 486 viri
793 450 995 498 prudentia
1017 450 1169 486 Graecia
1189 451 1350 488 liberata

146 511 216 549 est,
249 504 490 552 Europaeque
521 503 722 539 succubuit
742 502 850 538 Asia.
908 502 1005 539 Haec
1037 503 1155 539 altera
1177 503 1349 549 victoria,

144 569 226 606 quae
254 569 340 592 cum
370 555 612 592 Marathonio
644 555 768 604 possit
799 555 1011 604 comparari
1039 562 1193 604 tropaeo.
1250 556 1352 593 Nam

143 609 227 659 pari
246 608 357 645 modo
374 608 474 657 apud
495 608 692 645 SalamIna
711 620 828 657 parvo
844 620 1002 644 numero
1017 609 1171 644 navium
1185 608 1352 644 maxima

142 669 231 711 post
249 661 445 698 hominum
463 660 685 697 memoriam
707 660 847 697 classis
869 668 929 697 est
948 661 1112 697 devicta.

197 714 268 751 VI.
299 714 465 762 Magnus
481 713 555 750 hoc
572 714 674 750 bello
687 713 976 750 Themistocles
992 713 1073 759 suit,
1084 726 1158 750 nec
1174 713 1297 750 minor
1312 713 1350 750 in

143 779 254 816 pace.
291 767 419 809 Quum
435 766 538 802 enim
554 766 760 803 Phalerico
776 774 897 815 portu,
912 779 1037 815 neque
1052 778 1192 815 magno
1273 787 1322 811 478

144 832 269 868 neque
296 820 407 864 bono,
430 818 694 855 Athenienses
720 826 937 856 uterentur:
968 819 1081 868 hujus
1103 831 1193 855 con·
1243 826 1269 844 a.
1283 820 1313 844 0·
1327 827 1354 844 n.

144 872 232 908 silio
251 872 392 920 triplex
413 872 576 908 Piraeei*
595 879 726 920 portus
748 871 975 908 constitutus
997 878 1068 917 est,
1089 871 1200 921 isque
1220 870 1351 908 moeni-

144 925 214 960 bus
236 924 505 969 circumdatus,
524 931 566 961 ut
586 924 712 973 ipsam
730 925 863 961 urbem
883 924 1067 974 dignitate
1089 924 1352 974 aequipararet,

143 977 306 1013 utilitate
327 984 538 1026 superaret.
595 977 705 1014 Idem
723 989 850 1013 muros
872 977 1169 1014 Atheniensium
1188 976 1352 1013 restituit

143 1030 338 1079 praecipuo
353 1029 527 1079 periculo
544 1042 627 1066 suo.
684 1030 862 1079 Namque
880 1030 1179 1075 Lacedaemonii,
1197 1042 1352 1066 causam

145 1082 324 1119 idoneam
361 1083 465 1119 nacti
502 1090 656 1131 propter
692 1083 935 1119 barbarorum
976 1083 1241 1127 excursiones,
1279 1095 1354 1131 qua

143 1142 342 1184 negarent,
374 1142 549 1184 oportere
585 1143 692 1172 extra
726 1135 1041 1184 Peloponnesum
1072 1136 1189 1172 ullam
1220 1136 1354 1171 urbem

144 1186 300 1233 habere,
320 1201 370 1225 ne
392 1196 525 1224 essent
547 1189 635 1225 loca
653 1188 809 1233 munita,
830 1201 914 1237 quae
940 1188 1074 1225 hostes
1094 1188 1353 1237 possiderent,

146 1240 408 1277 Athenienses
441 1241 676 1277 aedificantes
710 1241 914 1290 prohibere
950 1248 1037 1277 sunt
1068 1241 1207 1277 conati.
1264 1240 1352 1277 Hoc

145 1291 258 1343 longe
276 1293 351 1330 alio
368 1295 578 1343 spectabat,
595 1301 707 1342 atque
720 1294 843 1330 videri
854 1294 1048 1331 volebant.
1090 1293 1353 1330 Athenienses

147 1345 250 1381 enim
269 1345 414 1382 duabus
434 1346 620 1392 victoriis,
641 1346 885 1383 Marathonia
905 1354 943 1383 et
968 1347 1191 1391 Salaminia,
1211 1353 1354 1382 tantam

147 1397 306 1445 gloriam
327 1399 426 1446 apud
446 1411 578 1435 omnes
599 1407 735 1447 gentes
753 1406 860 1435 erant
876 1399 1088 1444 consecuti,
1103 1406 1144 1435 ut
1163 1399 1354 1447 intellige-

146 1456 231 1484 rent
251 1449 549 1495 Lacedaemonii,
569 1451 617 1487 de
637 1451 853 1500 principatu
872 1452 947 1488 sibi
967 1465 1055 1488 cum
1076 1451 1138 1488 his
1160 1459 1354 1488 certamen

147 1501 241 1537 fore.
299 1502 428 1544 Quare
469 1514 536 1538 eos
570 1515 684 1551 quam
720 1503 1002 1540 infirmissimos
1042 1517 1131 1540 esse
1162 1504 1353 1540 volebant.

148 1554 356 1602 Postquam
405 1561 531 1591 autem
577 1555 788 1600 audierunt,
834 1568 962 1592 muros
1009 1556 1157 1601 instrui,
1204 1557 1353 1605 legatos

147 1605 320 1642 Athenas
340 1606 538 1651 miserunt,
558 1607 623 1656 qui
648 1607 688 1643 id
713 1607 798 1644 fieri
819 1615 1004 1645 vetarent.
1062 1609 1138 1645 His
1157 1608 1354 1657 praesenti-

145 1658 215 1694 bus
237 1658 445 1703 desierunt,
467 1671 511 1694 ac
533 1671 576 1695 se
598 1659 645 1695 de
667 1672 714 1695 ea
736 1672 778 1695 re
809 1660 957 1708 legatos
990 1661 1038 1696 ad
1069 1673 1136 1697 eos
1167 1661 1353 1697 missuros

147 1710 335 1748 dixerunt.
391 1711 505 1748 Hanc
536 1712 771 1760 legationem
801 1713 974 1761 suscepit
995 1713 1296 1758 Themistocles,
1318 1719 1354 1749 et

146 1763 251 1800 solus
270 1763 391 1812 primo
411 1764 606 1812 profectus
628 1772 711 1809 est3
740 1765 878 1814 reliqui
898 1766 1016 1814 legati
1035 1773 1075 1802 ut
1094 1773 1172 1802 tum
1193 1766 1354 1811 exirent,

146 1829 260 1864 quum
281 1817 374 1852 satis
399 1817 556 1853 altitudo
582 1817 680 1853 muri
707 1825 901 1854 exstructa
918 1818 1124 1864 videretur,
1146 1819 1352 1868 praecepit3

146 1868 298 1905 interim
317 1881 464 1914 omnes,
485 1870 588 1906 servi
612 1878 723 1919 atque
752 1870 877 1915 liberi,
898 1883 993 1920 opus
1023 1871 1208 1917 facerent,
1227 1884 1352 1920 neque

145 1921 214 1957 ulli
245 1922 332 1958 loco
362 1930 578 1970 parcerent,
598 1923 680 1959 sive
702 1935 826 1968 sacer,
847 1924 929 1960 sive
960 1924 1154 1972 profanus,
1175 1925 1258 1961 sive
1278 1937 1353 1973 pri-

146 1981 254 2010 vatus
288 1981 405 2019 esset,
438 1975 521 2011 sive
551 1975 742 2024 publicus,
775 1982 813 2012 et
841 1976 1022 2025 undique,
1042 1977 1143 2026 quod
1173 1977 1352 2014 idoneum

147 2026 195 2062 ad
213 2027 460 2063 muniendum
478 2035 666 2076 putarent,
688 2036 954 2076 congererent.
1013 2030 1099 2072 Quo
1120 2029 1262 2066 factum
1281 2037 1352 2075 est,

148 2086 186 2114 ut
194 2078 490 2116 Atheniensium
498 2080 595 2116 muri
609 2092 658 2116 ex
671 2081 828 2117 sacellis
842 2082 1109 2131 sepulcrisque
1121 2090 1350 2119 constarent-

200 2131 292 2168 VII.
322 2131 611 2169 Themistocles
643 2140 781 2178 autem,
812 2141 852 2169 ut
885 2134 1207 2172 Lacedaemonem
1236 2135 1352 2176 venit,

147 2183 252 2219 adire
269 2183 316 2219 ad
330 2185 572 2233 magistratus
588 2186 721 2230 noluit,
735 2193 773 2222 et
787 2186 893 2222 dedit
907 2199 1074 2235 operam,
1090 2195 1130 2224 ut
1145 2200 1257 2236 quam
1271 2187 1352 2223 lon-

148 2234 307 2283 gissime
322 2243 472 2285 tempus
488 2238 657 2283 duceret,
675 2251 831 2275 causam
846 2238 1108 2288 interponens,
1122 2253 1165 2276 se
1183 2240 1351 2288 collegas

149 2294 390 2335 exspectare,
404 2301 518 2336 quum
531 2290 817 2327 Lacedaemonii
832 2300 1093 2340 quererentur,
1106 2304 1201 2340 opus
1214 2292 1353 2328 nihilo-

147 2339 272 2376 minus
303 2340 399 2384 fieri‚
432 2353 593 2390 eumque
625 2343 665 2378 in
685 2355 732 2378 ea
757 2356 798 2379 re
827 2344 959 2380 conari
989 2344 1137 2380 fallere.
1194 2344 1352 2381 Interim

147 2391 286 2440 reliqui
308 2392 426 2441 legati
446 2401 533 2429 sunt
554 2395 766 2430 consecuti.
823 2396 858 2431 A
877 2395 1013 2444 quibus
1034 2409 1149 2445 quum
1169 2397 1352 2443 audisset,

149 2455 225 2481 non
249 2445 407 2482 multum
426 2457 634 2494 superesse
658 2446 893 2492 munitionis,
914 2448 962 2485 ad
982 2448 1147 2498 ephoros
1169 2449 1352 2487 Lacedae-

636 2511 655 2531 ἕ
672 2509 773 2546 Piraei,
790 2509 909 2542 Bremi.

741 2554 788 2590 2*

1379 980 1402 1012 tv*
