1651 2790
477 204 637 266 XVIII.
701 232 737 267 5.
802 225 1058 280 (Eumenes.)
1315 233 1370 270 75

165 327 262 366 fecto
282 327 380 365 duce
400 327 570 372 Cratero,
590 328 720 365 multis
741 335 925 377 praeterea
941 335 977 365 et
999 330 1163 365 maxime
1184 330 1373 367 nobilibus

163 382 296 430 captis,
310 381 484 430 pedester
504 382 708 425 exercitus,
723 381 823 430 quod
844 382 882 417 in
904 394 950 417 ea
966 381 1050 417 loca
1071 389 1152 417 erat
1172 382 1370 427 deductus,

163 441 204 470 ut
224 434 341 470 invito
361 433 538 470 Eumene
559 434 660 470 elabi
694 446 767 470 11011
798 441 932 483 posset,
955 446 1089 482 pacem
1111 434 1158 469 ab
1179 448 1222 470 eo
1252 437 1369 482 petiit.

162 486 291 528 Quam
311 498 430 534 quum
447 487 700 534 impetrasset,
718 487 757 522 in
778 486 851 523 fide
872 499 945 522 non
967 487 1116 530 mansit,
1135 494 1170 522 et
1190 499 1242 530 se,
1257 488 1370 523 simul

162 551 208 575 ac
229 540 359 588 potuit,
382 538 427 574 ad
450 539 699 587 Antipatrum
721 540 877 588 recepit.
934 538 1130 575 Eumenes
1154 538 1369 583 Craterum,

162 604 209 628 ex
230 592 312 628 acie
333 592 563 627 semivivum
584 592 740 636 elatum,
764 604 940 628 recreare
967 591 1123 628 studuit.
1182 591 1315 632 Quum
1337 592 1372 627 id

161 656 234 680 non
256 651 391 692 posset,
414 656 480 693 pro
500 644 664 681 hominis
680 644 874 693 dignitate,
896 657 1040 693 proque
1062 644 1220 692 pristina
1242 645 1371 680 amici-

162 697 215 732 tia
236 697 419 746 (namque
440 696 506 733 illo
527 708 620 733 usus
640 697 970 742 erat,Alexandr0
991 697 1089 741 vivo,
1112 695 1370 744 familiariter)

162 749 287 798 amplo
308 748 443 786 funere
464 749 612 794 extulit,
633 762 795 798 ossaque
815 750 855 786 in
877 749 1144 786 Macedoniam
1167 750 1275 785 uxori
1289 749 1372 798 ejus

162 813 208 837 ac
228 801 359 838 liberis
379 802 539 838 remisit.

214 853 264 889 V.
297 853 395 890 Haec
410 853 501 889 dum
520 853 621 902 apud
641 853 934 904 Hellespontum
950 860 1150 903 geruntur,
1165 853 1372 890 Perdiccas

161 906 261 954 apud
281 906 424 942 flumen
445 905 583 942 Nilum
604 907 834 943 interficitur
856 919 877 942 a
899 906 1064 943 Seleuco
1084 913 1120 942 et
1150 907 1368 955 Antigono,

161 970 368 1007 rerumque
399 971 550 994 summa
583 959 628 995 ad
666 960 915 1008 Antipatrum
944 958 1127 996 defertur.
1187 958 1274 1003 Hic,
1306 960 1371 1007 qui

160 1010 421 1056 deseruerant,
443 1012 617 1047 exercitu
647 1012 875 1062 suffragium
905 1010 1062 1055 ferente,
1085 1012 1219 1061 capitis
1241 1012 1370 1047 absen-

159 1069 216 1099 tes
235 1063 489 1100 damnantur:
519 1064 558 1099 in
592 1064 652 1101 his
686 1064 897 1101 Eumenes.
957 1064 1044 1100 Hac
1073 1064 1138 1100 ille
1168 1063 1371 1113 perculsus

160 1115 274 1166 plaga
293 1128 368 1153 non
399 1116 617 1161 succubuit,
639 1129 765 1166 neque
790 1130 834 1153 eo
854 1117 981 1153 secius
1016 1117 1159 1153 bellum
1194 1115 1370 1152 adminis-

159 1170 288 1205 travit.
347 1168 423 1205 Sed
457 1169 578 1206 exiles
612 1182 673 1206 res
695 1170 812 1205 animi
847 1168 1163 1218 magnitudinem,
1193 1169 1263 1204 etsi
1297 1181 1370 1205 non

161 1220 400 1271 frangebant,
421 1228 550 1258 tamen
580 1222 818 1258 minuebant.
877 1221 994 1258 Hunc
1027 1233 1260 1270 persequens
1291 1221 1370 1256 An-

160 1274 323 1323 tigonus,
345 1287 464 1323 quum
493 1275 595 1310 omni
625 1287 768 1324 genere
799 1275 996 1323 copiarum
1028 1274 1249 1317 abundaret,
1271 1286 1371 1322 saepe

161 1326 199 1361 in
237 1326 436 1363 itineribus
470 1327 707 1363 vexabatur:
748 1339 872 1376 neque
914 1339 1098 1375 umquam
1132 1326 1180 1362 ad
1214 1338 1371 1362 manum

162 1378 346 1414 accedere
366 1379 520 1423 licebat,
542 1379 614 1415 nisi
644 1380 702 1415 his
722 1379 828 1423 locis,
849 1379 989 1427 quibus
1009 1379 1123 1428 pauci
1144 1378 1274 1414 multis
1290 1391 1370 1427 pos-

162 1437 245 1466 sent
271 1431 462 1466 resistere.
539 1430 614 1467 Sed
645 1439 816 1468 extremo
847 1439 1027 1480 tempore,
1059 1443 1180 1479 quum
1214 1431 1371 1467 consilio

162 1483 249 1531 capi
282 1495 357 1519 non
388 1488 523 1531 posset,
546 1483 791 1520 multitudine
821 1484 1110 1520 circumventus
1139 1490 1207 1519 est.
1268 1483 1371 1518 Hinc

161 1541 302 1579 tamen,
323 1535 454 1571 multis
474 1536 554 1571 suis
575 1536 736 1579 amissis,
758 1549 798 1572 se
825 1535 1029 1584 expedivit,
1054 1542 1090 1571 et
1110 1536 1148 1570 in
1170 1535 1370 1571 castellum

162 1587 355 1636 Phrygiae,
377 1587 477 1636 quod
497 1587 606 1624 Nora
627 1588 854 1637 appellatur,
876 1587 1061 1637 confugit.
1093 1587 1137 1624 In
1156 1600 1232 1636 quo
1251 1599 1370 1635 quum

163 1640 525 1684 circumsederetur,
565 1648 603 1676 et
640 1648 852 1685 vereretur,
887 1652 935 1676 ne
975 1653 1050 1676 uno
1092 1640 1174 1676 loco
1212 1651 1372 1675 manens

162 1705 280 1741 equos
299 1692 487 1728 militares
509 1692 697 1741 pelderet‚
715 1692 814 1741 quod
835 1693 998 1741 spatium
1019 1704 1094 1728 non
1114 1699 1213 1728 esset
1227 1693 1370 1740 agitan-

163 1745 224 1781 di:
256 1744 441 1781 callidum
462 1743 534 1781 fuit
565 1744 650 1793 ejus
683 1745 895 1789 inventum,
916 1744 1237 1793 quemadmodum
1267 1751 1372 1780 stans

161 1797 378 1848 jumentum
398 1797 643 1834 concalefieri
672 1797 922 1845 exercerique
943 1803 1077 1845 posset,
1099 1809 1173 1844 quo
1193 1796 1372 1832 libentius

163 1856 201 1885 et
234 1849 318 1886 cibo
339 1856 522 1894 uteretur,
544 1856 582 1886 et
616 1861 639 1885 a
668 1851 838 1898 corporis
858 1856 962 1886 motu
993 1861 1067 1885 11011
1095 1861 1224 1885 remov
1228 1856 1370 1885 eruetui

164 1901 457 1951 Substringebat
477 1909 593 1950 caput
613 1902 692 1938 loro
722 1902 837 1938 altius
857 1914 973 1950 quam
999 1907 1040 1937 ut
1060 1901 1250 1950 prioribus
1271 1901 1370 1950 pedi-

164 1955 235 1990 bus
255 1953 368 2002 plane
388 1961 532 1990 terram
553 1960 676 2002 posset
697 1954 906 2003 attingere,
939 1953 1074 1989 deinde
1103 1960 1185 2002 post
1204 1954 1370 1989 verberi-

164 2006 236 2042 bus
255 2006 414 2055 cogebat
433 2006 639 2051 exsultare,
662 2012 698 2043 et
727 2007 856 2043 calces
885 2007 1090 2042 remittere.
1149 2005 1230 2047 Qui
1251 2013 1372 2041 motus

163 2070 237 2095 non
258 2059 384 2095 minus
403 2059 582 2095 sudorem
601 2059 831 2103 excutiebat,
852 2071 967 2106 quam
989 2058 1020 2094 si
1040 2058 1079 2093 in
1099 2059 1219 2106 spatio
1238 2057 1371 2094 decur-

165 2117 279 2148 reret.
308 2110 397 2153 Quo
417 2116 560 2148 tactum
576 2117 643 2154 est,
657 2110 758 2159 quod
776 2111 952 2146 omnibus
969 2110 1142 2146 mirabile
1160 2117 1215 2146 est
1231 2110 1369 2154 visum,

166 2169 207 2199 ut
241 2175 349 2211 aeque
383 2163 558 2211 jumenta
592 2163 710 2199 nitida
742 2175 789 2199 ex
824 2162 982 2198 castello
1020 2161 1212 2206 educeret,
1253 2174 1373 2209 quum

166 2214 383 2262 complures
403 2227 553 2251 menses
572 2215 611 2250 in
639 2215 832 2251 obsidione
854 2214 998 2258 fuisset,
1021 2227 1066 2250 ac
1087 2214 1118 2250 si
1143 2214 1181 2249 111
1202 2226 1371 2262 campes-

166 2267 288 2302 tribus
307 2279 353 2302 ea
373 2266 468 2302 locis
497 2267 706 2303 habuisset.
764 2266 806 2303 In
837 2267 910 2303 hac
931 2266 1188 2309 conclusione,
1208 2266 1370 2314 quoties-

167 2331 334 2367 cumque
355 2318 487 2362 voluit,
510 2325 734 2366 apparatum
755 2325 791 2355 et
821 2319 1049 2354 munitiones
1071 2318 1256 2366 Antigoni
1277 2318 1374 2353 alias

167 2370 348 2415 incendit,
382 2371 477 2406 alias
508 2370 671 2419 disjecit.
747 2370 891 2406 Tenuit
925 2377 1051 2406 autem
1085 2382 1125 2405 se
1165 2382 1240 2406 uno
1278 2370 1372 2414 loco,

167 2423 349 2472 quamdiu
386 2421 457 2459 suit
487 2422 622 2458 hiems.
681 2421 794 2463 Quod
829 2430 999 2458 castrum
1030 2421 1201 2458 subsidia
1232 2422 1373 2458 habere

168 2487 243 2512 non
277 2482 432 2524 poterat,
455 2481 491 2512 et
511 2487 580 2511 ver
600 2474 940 2523 appropinquabat,
962 2473 1143 2510 simulata
1173 2473 1372 2519 deditione,

1401 1223 1423 1256 '10

1402 1902 1424 1935 U!
