1651 2790
418 244 540 285 VllI.
578 249 616 285 2.
675 243 1016 298 (Thrasybulus.)
1294 248 1349 284 37

147 343 369 381 vindicaret.
428 342 520 387 Sed,
552 341 688 378 nescio
721 353 794 389 quo
824 340 949 385 modo,
982 352 1095 388 quum
1125 354 1211 378 eum
1238 354 1352 378 nemo

147 397 307 433 anteiret
338 395 398 431 his
419 395 629 439 virtutibus,
648 394 756 430 multi
784 393 981 430 nobilitate
1015 402 1351 441 praecucurrerunt.

151 449 317 487 Primum
351 447 635 495 Peloponnesio
666 447 767 483 bello
787 446 903 482 multa
937 445 1000 481 1110
1035 445 1119 481 51116
1150 446 1352 482 Alcibiade

148 501 281 551 gessit,
294 501 359 537 ille
380 501 524 536 nullam
542 512 622 536 rem
635 499 718 535 sine
738 498 836 535 hoc:
868 510 949 545 quae
970 497 1035 533 ille
1056 498 1235 533 universa
1248 506 1352 534 natu·

148 553 217 590 1611
251 552 413 611 quodam
444 553 543 589 bono
578 552 670 588 fecit
702 551 811 588 lucri.
870 550 950 587 Sed
982 550 1050 586 illa
1078 557 1206 586 tamen
1226 549 1354 586 omnia

148 605 362 643 communia
390 604 678 653 imperatoribus
700 616 786 640 011111
804 603 986 639 militibus
1008 609 1046 638 et
1075 602 1236 660 fortuna,
1254 602 1354 650 quod

147 658 186 694 in
218 657 342 706 proelii
374 670 563 693 concursu
583 657 660 693 abit
689 669 752 692 res
774 669 796 692 a
817 655 980 692 consilio
1011 654 1059 690 ad
1078 655 1182 690 vires
1202 654 1352 702 vimque

146 710 406 759 pugnantium.
462 710 593 757 Itaque
620 710 705 758 J'ure
727 720 796 745 suo
827 708 1011 744 nonnulla
1044 708 1089 743 ab
1123 707 1352 755 imperatore

147 763 272 806 miles,
305 762 466 811 plurima
504 773 594 798 vero
628 761 775 798 fortuna
804 760 984 804 vindicat,
1018 772 1137 806 seque
1168 759 1232 795 hic
1266 759 1352 807 plus

147 815 327 859 valuisse,
347 826 458 862 quam
477 814 586 850 ducis
602 814 852 862 prudentiam,
872 825 963 849 vere
984 819 1110 861 potest
1128 811 1351 860 praedicare.

149 867 276 908 Quare
311 866 404 903 illud
438 866 859 915 magnificentissimum
892 864 1033 901 factum
1065 864 1258 913 proprium
1291 871 1351 900 est

147 919 392 967 Thrasybuli.
449 919 550 970 Nam
569 931 682 966 quum
697 918 850 967 triginta
868 917 1031 966 tyranni,
1052 929 1195 966 praepo-
1272 943 1319 967 404

147 971 209 1007 siti
230 984 252 1007 a
273 971 589 1016 Lacedaemoniis,
602 971 783 1007 servitute
797 983 1003 1019 oppressas
1019 977 1195 1006 tenerent
1230 982 1257 999 a·
1275 976 1307 1000 C·
1325 983 1354 1000 n·

147 1023 332 1068 Athenas,
345 1024 526 1072 plurimos
544 1024 663 1068 cives,
676 1023 810 1072 quibus
831 1024 870 1059 in
890 1023 991 1059 bello
1008 1029 1179 1071 parserat
1193 1021 1352 1067 fortuna,

148 1075 284 1125 partim
304 1076 424 1125 patria
445 1076 694 1125 expulissent,
708 1075 843 1125 partim
863 1075 1159 1119 interfecissent,
1175 1075 1353 1123 plurimo-

147 1141 229 1164 rum
262 1129 359 1165 bona
391 1129 584 1178 publicata
620 1129 718 1166 inter
752 1141 795 1164 se
829 1128 1075 1164 divisissent:
1120 1139 1197 1163 non
1230 1127 1353 1163 solum

147 1180 340 1232 princeps,
360 1182 430 1219 sed
452 1191 489 1219 et
511 1183 625 1233 [jam]
649 1183 753 1218 solus
773 1180 882 1218 initio
901 1180 1044 1217 belluni
1062 1179 1123 1216 his
1144 1179 1292 1216 indixit.

200 1235 253 1272 Π.
309 1235 387 1272 Η10
402 1235 505 1272 enim
519 1248 632 1283 quum
647 1235 798 1293 Phylen
812 1234 1062 1282 confugisset,
1075 1233 1175 1281 quod
1189 1241 1248 1269 est
1268 1245 1352 1269 cas-

147 1287 305 1323 tellum
296 1300 336 1324 ln
357 1288 485 1324 Attica
511 1288 817 1332 munitissimum,
836 1299 912 1323 non
929 1265 1027 1335 Cplus
1054 1263 1188 1322 'habuit
1207 1298 1352 1330 56011111,

148 1351 258 1387 quam
285 1339 439 1389 triginta
458 1340 505 1376 de
526 1341 620 1377 suis.
676 1340 764 1376 Hoc
785 1340 932 1376 initium
952 1339 1021 1375 suit
1049 1338 1183 1375 salutis
1204 1339 1352 1374 Actaeo-

148 1403 240 1435 rum,
258 1371 356 1427 110οῦ
361 1393 472 1428 robur
503 1392 688 1429 libertatis
721 1392 943 1428 clarissimae
978 1391 1155 1427 civitatis.
1212 1391 1350 1438 Neque

149 1455 240 1479 vero
260 1443 323 1479 1110
343 1456 420 1479 non
439 1451 650 1480 contemtus
671 1451 730 1480 est
748 1444 869 1492 primo
890 1457 912 1479 a
930 1444 1114 1492 tyrannis,
1136 1450 1246 1490 atque
1268 1444 1350 1492 ejus

150 1495 326 1531 solitudo.
384 1495 478 1537 Quae
498 1496 650 1543 quidem
669 1508 730 1532 res
753 1503 790 1532 et
809 1495 888 1532 illis
906 1496 1235 1532 contemnentibus
1266 1508 1351 1544 per-

149 1547 280 1592 niciei,
301 1554 339 1583 et
357 1547 446 1583 huic
467 1547 651 1596 despecto
680 1548 793 1584 saluti
813 1547 893 1583 fuit.
950 1547 1046 1584 Haec
1068 1547 1170 1583 enim
1195 1547 1283 1583 illos
1305 1547 1353 1583 ad

149 1600 455 1647 persequendum
484 1612 639 1648 segnes,
659 1599 730 1636 hos
760 1607 896 1644 autem,
929 1606 1098 1648 tempore
1120 1599 1166 1635 ad
1200 1611 1352 1647 compa-

147 1651 305 1688 randum
324 1651 422 1696 dato,
450 1651 544 1688 fecit
563 1652 808 1688 robustiores.
866 1652 951 1694 Quo
972 1651 1093 1700 magis
1122 1659 1353 1700 praeceptum

148 1703 241 1739 illud
260 1704 427 1740 omnium
445 1703 485 1741 in
498 1704 634 1740 animis
656 1717 744 1741 esse
765 1704 896 1741 debet:
929 1704 1059 1740 ‘Nihil
1075 1704 1114 1740 in
1126 1704 1228 1740 bello
1244 1715 1352 1752 opor-

147 1762 226 1792 tere
241 1756 431 1792 contemni
444 1757 465 1802 ;’
483 1769 556 1793 nec
571 1757 654 1793 sine
670 1769 786 1793 causa
799 1756 896 1794 dici:
928 1761 936 1777 ‘
947 1757 1112 1793 Matrem
1123 1756 1245 1792 timidi
1258 1756 1350 1792 flere

147 1819 223 1845 non
257 1809 409 1845 solere.’
474 1809 611 1857 Neque
641 1816 769 1845 tamen
802 1821 869 1858 pro
902 1808 1082 1857 opinione
1116 1808 1352 1857 Thrasybuli

149 1868 266 1897 auctae
287 1868 374 1897 sunt
392 1873 500 1910 opes.
556 1861 658 1898 Nam
671 1862 752 1910 J'am
769 1868 848 1898 tum
868 1861 946 1898 illis
965 1861 1197 1910 temporibus
1218 1860 1350 1897 fortius

147 1913 236 1949 boni
256 1925 323 1962 pro
342 1914 518 1950 libertate
542 1913 801 1961 loquebantur,
821 1927 932 1961 quam
959 1915 1188 1962 pugnabant.
1246 1913 1350 1950 Hinc

147 1964 187 2001 in
208 1965 396 2002 Piraeeum
413 1966 573 2010 transiit,
594 1966 918 2014 Munychiamque
938 1966 1108 2002 munivit.
1157 1966 1271 2002 Hanc
1291 1966 1350 2002 bis

147 2018 296 2065 tyranni
316 2030 534 2066 oppugnare
555 2025 642 2054 sunt
662 2019 792 2063 adorti,
814 2020 859 2055 ab
881 2032 1000 2066 eaque
1030 2018 1186 2067 turpiter
1206 2017 1351 2067 repulsi

123 2114 127 2122 ι
147 2070 317 2117 protinus
337 2071 373 2107 in
397 2071 539 2114 urbem,
560 2071 673 2107 armis
694 2070 1051 2119 impedimentisque
1073 2071 1238 2115 amissis,
1251 2070 1350 2106 refu-

150 2130 295 2169 gerunt..
350 2122 455 2159 Lsus
488 2129 548 2158 est
580 2122 846 2171 Thrasybulus
876 2136 953 2159 non
982 2123 1108 2159 minus
1138 2122 1350 2180 prudentia,

148 2185 260 2230 quam
292 2173 522 2210 fortitudine.
578 2175 681 2211 Nam
700 2175 884 2212 cedentes
903 2175 1038 2211 violari
1058 2175 1199 2211 1611111·
1191 2203 1200 2218 ,
1244 2175 1350 2210 cives

149 2224 251 2260 enim
264 2225 410 2261 civibus
430 2238 588 2274 parcere
603 2239 748 2285 aequum
767 2228 963 2264 censebat.
994 2227 1131 2274 Neque
1151 2226 1351 2274 quisquam

150 2283 210 2312 est
227 2277 457 2321 vulneratus,
475 2278 553 2314 nisi
571 2279 635 2326 qui
653 2280 755 2327 prior
782 2279 1004 2328 impugnare
1025 2279 1155 2315 voluit.
1216 2278 1253 2314 Ν
1258 2291 1350 2314 61111-

148 2340 237 2364 nem
265 2329 458 2377 Jacentem
484 2337 593 2365 veste
625 2331 771 2378 spoliax
776 2331 826 2366 it·
818 2360 826 2375 ,
868 2332 922 2367 nil
954 2331 1087 2379 attigit,
1121 2330 1198 2366 nisi
1235 2343 1349 2375 arma,

148 2392 304 2427 quorum
337 2380 542 2428 indigebat,
576 2388 614 2417 et
644 2394 725 2429 quae
758 2382 805 2418 ad
824 2383 965 2418 victum
997 2382 1248 2430 pertinebant.
1304 2383 1350 2420 In

149 2432 318 2468 secundo
337 2433 470 2481 proelio
501 2433 643 2469 cecidit
674 2434 828 2478 Critias,
849 2434 925 2470 dux
952 2442 1208 2483 tyrannorum,
1236 2447 1352 2483 quum

149 2483 302 2531 quidem
321 2484 557 2521 exadversus
578 2485 861 2534 Thrasybulum
881 2485 1086 2523 fortissime
1106 2494 1303 2536 pugnaret.

1381 553 1403 588 4

1380 867 1401 900 01
