1651 2790
477 222 596 263 XVI.
660 226 693 262 1.
757 220 1034 275 (Pelopzdas.)
1329 226 1382 262 65

182 337 292 363 orum
313 337 360 362 ex
381 336 469 362 arce
490 323 734 373 expulerunt,
755 323 1052 373 Epaminondas,
1080 324 1265 372 quamdiu
1287 323 1388 361 facta

183 385 239 415 est
272 377 396 414 caedes
429 377 586 421 civium,
619 375 727 412 domo
760 389 800 413 se
829 377 975 412 tenuit:
1005 377 1104 424 quod
1124 389 1247 425 neque
1268 377 1388 413 malos

183 429 384 467 defendere
406 429 566 473 volebat,
592 441 716 477 neque
737 429 976 478 impugnare,
997 441 1046 464 ne
1073 441 1210 464 manus
1231 442 1388 465 suorum

183 482 369 532 sanguine
390 487 622 519 cruentaret.
680 480 862 530 Namque
882 493 1033 517 omnem
1063 481 1217 517 civilem
1238 482 1387 517 victori-

183 547 245 571 am
265 533 457 571 funestam
477 534 648 584 putabat.
703 532 820 578 Idem,
842 540 1039 582 postquam
1061 532 1160 582 apud
1180 533 1387 569 Cadmeam

182 599 272 623 cum
292 585 594 624 Lacedaemoniis
610 586 773 635 pugnari
794 592 964 634 coeptum
983 592 1051 630 est,
1066 586 1105 621 in
1126 585 1257 634 primis
1271 587 1384 622 stetit.

181 637 312 688 Hujus
345 639 391 675 de
419 639 625 675 virtutibus
654 639 808 687 vitaque
840 639 931 675 satis
965 638 1037 674 erit
1067 638 1225 682 dictum,
1256 638 1287 673 si
1319 638 1388 674 hoc
1427 641 1439 674 l

182 703 303 727 unum
324 691 544 740 adjunxero,
565 690 664 740 quod
683 703 794 726 nemo
808 697 869 726 eat
889 690 1041 735 infitias,
1065 690 1222 726 Thebas
1242 696 1278 726 et
1300 698 1385 726 ante

182 743 488 792 Epaminondam
516 751 662 788 natum,
684 749 721 779 et
755 749 837 791 post
863 743 946 791 ejus
966 743 1175 787 interitum,
1206 749 1390 792 perpetuo

182 795 307 833 alieno
335 796 507 845 paruisse
536 796 719 845 imperio3
752 801 886 831 contra
905 808 963 839 ea,
985 795 1170 843 quamdiu
1200 795 1265 831 ille
1295 807 1389 843 prae-

182 846 297 884 fuerit
316 848 550 896 reipublicae,
571 854 687 896 caput
708 847 824 883 fuisse
848 849 962 884 totius
990 847 1166 884 Graecioe.
1224 847 1286 883 Ex
1315 859 1390 895 quo

180 900 343 950 intelligi
372 906 504 949 potest,
527 912 647 936 unum
677 900 868 936 hominem
889 900 1022 949 pluris,
1043 912 1162 949 quam
1182 900 1389 944 civitatem,

182 952 313 989 fuisse.

379 1213 563 1260 XVI.
650 1213 1201 1261 PELOPIDAS.

233 1418 263 1454 Ι.
295 1417 512 1466 Pelopidas,
540 1417 746 1463 Thebanus,
767 1420 890 1468 magis
910 1420 1110 1463 historicis,
1127 1433 1242 1468 quam
1259 1420 1386 1470 vulgo,
1420 1423 1433 1456 3

180 1477 303 1507 notus.
359 1470 483 1518 Cujus
511 1470 558 1507 de
588 1471 793 1508 virtutibus
820 1472 949 1508 dubito
977 1472 1297 1520 quemadmodum
1326 1485 1388 1508 ex-

183 1535 333 1571 ponam,
354 1522 454 1571 quod
474 1535 620 1567 vereor,
643 1535 702 1567 ne,
725 1523 757 1559 si
786 1535 847 1559 res
876 1524 1070 1572 explicare
1099 1524 1293 1573 incipiam,
1316 1537 1386 1560 non

181 1576 297 1610 vitam
327 1575 412 1623 ejus
438 1587 633 1619 enarrare,
655 1575 721 1611 sed
747 1575 942 1611 historiam
967 1576 1099 1612 videar
1127 1577 1324 1622 scribere3
1357 1577 1388 1612 si

180 1626 439 1663 tantummodo
472 1639 644 1663 summas
683 1628 853 1676 attigero,
889 1640 937 1664 ne
978 1628 1136 1665 rudibus
1175 1628 1388 1664 litterarum

181 1679 409 1715 Graecarum
438 1680 566 1715 minus
595 1679 723 1716 lucide
758 1688 950 1728 appareat,
973 1687 1140 1729 quantus
1175 1680 1292 1717 fuerit
1320 1681 1385 1716 ille

180 1732 251 1767 vir.
308 1730 440 1780 Itaque
462 1732 613 1780 utrique
644 1732 698 1768 rei
727 1745 943 1776 occurram,
966 1741 1152 1780 quantum
1181 1740 1320 1781 potero,
1352 1740 1388 1769 et

181 1783 359 1819 medebor
378 1796 498 1832 quum
513 1784 688 1828 satietati,
702 1791 784 1820 tum
799 1784 1021 1833 ignorantiae
1044 1785 1244 1821 lectorum.
1277 1785 1386 1822 Phoe-
1417 1788 1438 1821 Ξ

182 1835 298 1880 hidas,
329 1834 658 1880 Lacedaemonius,
690 1849 809 1884 quum
841 1838 1052 1873 exercitum
1084 1836 1299 1886 Olynthum
1320 1837 1386 1874 du-

180 1894 296 1931 ceret,
331 1888 478 1936 iterque
512 1901 580 1937 per
614 1888 769 1926 Thebas
797 1888 952 1933 faceret,
976 1902 1105 1925 arcem
1133 1890 1270 1938 oppidi,
1301 1902 1388 1938 quae

179 1939 349 1976 Cadmea
385 1941 616 1985 nominatur,
655 1941 861 1989 occupavit
903 1941 1071 1990 impulsu
1109 1954 1388 1991 perpaucorum

181 1991 466 2037 Thebanorum,
488 1993 566 2041 qui,
588 1992 819 2029 adversariae
853 1992 1008 2030 factioni
1037 2007 1112 2042 quo
1148 1993 1301 2031 facilius
1330 2006 1386 2030 re-

180 2044 368 2088 sisterent,
390 2043 592 2081 Laconum
612 2045 727 2081 rebus
747 2045 970 2082 studebant:
1006 2045 1119 2094 idque
1139 2059 1208 2082 suo
1228 2047 1385 2095 privato,

181 2108 255 2132 non
275 2096 438 2144 publico,
461 2095 552 2133 fecit
572 2098 742 2134 consilio.
800 2097 888 2139 Quo
909 2097 1008 2134 facto
1028 2110 1116 2133 eum
1144 2097 1385 2134 Lacedaemo-
1417 2102 1433 2135 f

180 2149 234 2183 nii
255 2148 301 2183 ab
331 2149 504 2185 exercitu
524 2156 770 2186 removerunt
790 2151 1031 2198 pecuniaque
1058 2150 1292 2186 multarunt:
1322 2163 1385 2186 ne-

181 2212 256 2247 que
290 2212 334 2235 eo
363 2201 485 2248 magis
519 2213 647 2237 arcem
678 2201 874 2238 Thebanis
895 2202 1151 2245 reddiderunt,
1173 2202 1271 2250 quod
1306 2215 1385 2238 sus-

182 2251 300 2300 ceptis
328 2251 537 2288 inimicitiis
557 2253 676 2289 satius
705 2253 895 2290 ducebant
915 2267 978 2290 eos
997 2254 1172 2297 obsideri,
1194 2267 1309 2302 quam
1344 2255 1385 2289 li-

182 2303 321 2339 berari.
378 2303 482 2339 Nam
511 2311 591 2351 post
620 2304 935 2353 Peloponnesium
970 2307 1112 2342 bellum
1136 2307 1385 2355 Athenasque

181 2354 351 2392 devictas
371 2367 461 2391 cuni
493 2355 691 2392 Thebanis
719 2358 790 2393 sibi
821 2370 902 2393 rem
931 2371 1014 2394 esse
1049 2359 1328 2402 existimabant,
1350 2366 1385 2395 et

181 2419 245 2444 eos
264 2420 347 2444 esse
376 2407 485 2451 solos,
517 2408 583 2456 qui
617 2408 802 2445 adversus
834 2410 1010 2446 resistere
1044 2409 1241 2446 auderent.
1297 2410 1385 2447 Hac
1414 2415 1434 2448 4

182 2465 306 2496 mente
327 2459 462 2496 amicis
481 2460 558 2496 suis
578 2472 748 2497 summas
776 2467 976 2508 potestates
995 2461 1188 2507 dederant,
1211 2462 1384 2500 alterius-

759 2513 805 2548 6*
