1651 2790
292 267 372 304 108
444 263 586 305 XXV.
648 269 714 306 21.
779 262 847 318 (Τ.
870 262 1131 318 Pomponius
1152 265 1350 319 Atticus.)

285 378 375 402 eum
395 367 592 412 scriber,et
614 380 734 416 quum
760 367 870 403 modo
891 367 1037 416 aliquid
1066 367 1112 404 de
1134 368 1358 417 antiquitate
1389 369 1436 405 ab
1457 382 1498 408 ec

284 419 507 468 1Ηο01111οΓ01,
549 420 657 456 modo
701 420 870 478 aliquam
916 420 988 478 [ei]
1028 422 1278 468 quaestionem
1313 423 1499 470 poeticam

282 479 519 521 proponeret,
552 473 742 509 interdum
778 473 914 521 jocans
953 473 1037 521 ejus
1071 474 1308 510 verbosiores
1341 474 1499 512 eliceret

282 525 474 574 epistolas
532 525 594 562 Ex
629 539 704 574 quo
734 525 884 569 accidit,
907 538 1027 574 quum
1061 526 1152 563 aedis
1185 526 1291 563 Jovis
1322 526 1498 573 Fer-enit,

279 577 320 613 in
341 577 528 627 Capitolio
549 579 596 615 ab
619 578 784 615 Romulo
804 580 1022 623 constituta,
1044 585 1232 615 vetustate
1254 586 1368 627 atque
1389 580 1496 618 incu-

280 630 337 666 ria
365 630 516 667 detecta
537 631 811 680 prolaberetur,
834 637 875 668 ut
903 632 1024 668 Attici
1046 631 1240 668 admonitu
1261 631 1392 668 Caesar
1412 645 1496 670 eam

280 683 527 720 reficiendam
555 690 721 721 curaret.
754 684 894 732 Neque
915 696 1005 720 vero
1033 684 1080 720 ab
1104 683 1157 720 M.
1180 685 1350 720 Antonio
1369 685 1497 723 minus

278 736 415 772 absens
436 736 571 773 litteris
592 737 810 774 colebatur:
843 736 948 781 adeo,
971 744 1012 774 ut
1033 743 1214 773 accurate
1244 737 1310 773 ille
1331 749 1379 773 ex
1410 738 1494 775 ulti-

276 789 348 825 mis
369 790 492 834 terris,
508 790 599 838 quid
621 797 763 840 ageret,
778 789 869 838 quid
890 802 996 826 curae
1016 789 1087 826 sibi
1107 789 1276 834 haberet,
1292 790 1495 828 certiorem

277 840 424 878 faceret
444 843 634 879 Atticum.
692 842 778 879 Hoc
799 841 914 891 quale
935 843 993 887 sit,
1016 841 1170 878 facilius
1191 843 1422 879 existimabit
1450 843 1495 890 is,

275 895 341 942 qui
357 894 535 943 judicare
557 896 702 944 poterit,
717 902 871 944 quantae
887 896 934 931 sit
954 896 1162 944 sapientiae,
1180 907 1311 931 eorum
1329 896 1494 933 retinere

275 959 390 983 usum
412 948 806 997 benevolentiamque,
829 949 927 984 inter
958 961 1053 996 quos
1083 948 1340 984 maximarum
1362 960 1492 985 rerum

274 1011 350 1036 non
371 1000 494 1036 solum
515 1001 721 1046 aemulatio,
743 1001 808 1037 sed
833 1001 1055 1037 obtrectatio
1086 1006 1191 1037 tanta
1219 1001 1491 1046 intercedebat,

274 1060 457 1100 quantam
480 1052 550 1089 fuit
570 1054 738 1091 incidere
759 1066 916 1090 necesse
937 1054 1036 1090 inter
1059 1052 1253 1090 Caesarem
1275 1060 1389 1102 atque
1410 1055 1490 1090 An.

274 1106 432 1150 tonium,
467 1118 587 1154 quum
619 1120 659 1143 se
690 1115 851 1156 uterque
885 1107 1095 1156 principem
1127 1118 1201 1142 non
1231 1106 1354 1143 solum
1386 1107 1489 1143 urbis

275 1157 472 1203 Romanae,
494 1159 559 1195 sed
580 1160 681 1196 orbis
701 1166 892 1196 terrarum
913 1172 995 1196 esse
1016 1165 1189 1208 cuperet.

329 1211 434 1248 XXI.
468 1211 558 1248 Tali
588 1212 697 1249 modo
717 1225 837 1261 quum
867 1218 1011 1261 septem
1032 1219 1069 1248 et
1100 1212 1342 1261 septuaginta
1372 1224 1488 1249 annos

273 1264 512 1313 complesset,
536 1271 649 1313 atque
672 1265 718 1314 ad
747 1272 959 1301 extremam
980 1271 1218 1301 senectutem
1252 1277 1327 1300 non
1362 1266 1488 1302 minus

274 1316 469 1366 dignitate,
485 1330 637 1368 quamg
617 1318 739 1354 matia
754 1317 981 1366 fortunaque
998 1317 1369 1367 010113301,(1111111113
1385 1318 1488 1354 enim

274 1367 503 1406 hereditates
525 1370 632 1406 nulla
654 1371 730 1406 alia
752 1383 804 1415 10,
826 1383 943 1420 quam
965 1370 1142 1414 bonitate,
1161 1378 1216 1406 est
1237 1370 1488 1420 consecutus)

272 1429 452 1471 tantaque
487 1424 735 1472 prosperitate
773 1436 865 1459 usus
896 1430 994 1459 esset
1029 1422 1271 1466 valetudinis,
1304 1429 1344 1459 ut
1378 1423 1487 1460 annis

220 1485 228 1493 ·
272 1475 429 1524 triginta
450 1475 640 1512 medicina
662 1489 735 1512 non
767 1476 1015 1525 indiguisset:
1046 1482 1183 1512 nactus
1212 1482 1268 1512 est
1297 1476 1486 1521 morbum,

273 1540 387 1575 quem
409 1529 516 1565 initio
536 1536 572 1564 et
597 1529 676 1578 ipse
698 1537 734 1565 et
754 1528 893 1565 medici
914 1535 1236 1578 contempserunt.
1294 1528 1398 1564 Nam
1419 1541 1485 1578 pu-

271 1587 399 1617 tarunt
433 1594 516 1618 esse
551 1589 759 1626 tenesmon,
795 1582 859 1618 cui
894 1581 1063 1617 remedia
1095 1581 1239 1617 celeria
1279 1580 1486 1630 faciliaque

272 1634 591 1682 proponebantur.
650 1634 693 1671 In
728 1635 798 1671 hoc
831 1647 952 1682 quum
986 1641 1062 1670 tres
1096 1646 1247 1670 menses
1280 1634 1361 1670 sine
1396 1634 1487 1670 ullis

271 1686 475 1731 doloribus,
498 1694 754 1736 praeterquam
785 1700 879 1735 quos
900 1699 946 1722 ex
969 1687 1166 1722 curatione
1188 1686 1374 1734 capiebat,
1397 1698 1482 1722 con-

271 1739 519 1787 sumpsisset:
551 1740 675 1776 subito
694 1747 799 1775 tanta
820 1740 877 1775 vis
901 1739 1021 1774 morbi
1042 1739 1079 1774 in
1112 1750 1231 1774 unum
1263 1738 1484 1774 intestinum

270 1792 453 1840 prorupit,
476 1798 516 1828 ut
546 1799 715 1828 extremo
735 1797 903 1839 tempore
924 1803 993 1839 per
1026 1791 1175 1826 lumbos
1204 1790 1333 1826 fistula
1362 1792 1483 1839 putris

271 1844 452 1892 eruperit.
510 1845 641 1892 Atque
662 1844 734 1880 hoc
755 1845 977 1892 priusquam
999 1843 1034 1878 ei
1056 1843 1258 1886 accideret,
1282 1850 1481 1892 postquam

270 1895 310 1931 in
341 1895 419 1932 dies
450 1895 597 1932 dolores
632 1908 856 1932 accrescere
895 1895 1095 1944 febresque
1126 1896 1335 1931 accessisse
1364 1897 1482 1933 sensit.

271 1948 488 1997 Agrippam
516 1960 703 1997 generum
725 1948 771 1984 ad
801 1961 841 1984 30
863 1948 1007 1984 arcessi
1032 1948 1158 1995 jussit,
1181 1954 1217 1983 et
1246 1960 1335 1984 eum
1356 1962 1401 1984 eo
1431 1948 1479 1984 L.

271 2000 494 2037 Cornelium
525 2001 690 2038 Balbum
723 2001 960 2049 Sextumque
995 1999 1242 2036 Peducaeum.
1318 2000 1400 2037 Hos
1440 2008 1481 2038 ut

271 2054 423 2090 venisse
444 2054 549 2098 vidit,
571 2054 609 2090 in
639 2054 813 2090 cubitum
846 2053 1027 2089 innixus:
1057 2058 1240 2101 quantam,
1263 2053 1397 2101 inquit,
1420 2066 1479 2089 cu-

270 2118 350 2143 ram
371 2106 670 2155 diligentiamque
690 2108 729 2142 in
748 2106 958 2142 valetudine
978 2118 1057 2142 mea
1077 2106 1213 2141 tuenda
1240 2105 1305 2141 hoc
1326 2111 1481 2153 tempore

270 2159 510 2203 adhibuerim,
532 2171 641 2207 quum
659 2171 723 2194 vos
743 2164 851 2195 testes
865 2158 1028 2202 habeam,
1050 2158 1146 2194 nihil
1162 2170 1309 2195 necesse
1329 2164 1382 2194 est
1395 2159 1479 2205 plu-

270 2211 374 2248 ribus
403 2212 526 2248 verbis
556 2223 843 2247 commemorare.
904 2209 1049 2256 Quibus
1081 2212 1262 2258 quoniam,
1290 2216 1329 2246 ut
1360 2223 1479 2258 spero,

271 2262 450 2313 satisfeci,
471 2277 525 2301 me
544 2264 641 2301 nibil
663 2263 798 2312 reliqui
811 2261 970 2313 fecisse,
996 2264 1092 2311 quod
1117 2264 1168 2299 ad
1199 2264 1406 2299 sanandum
1426 2275 1481 2300 me

219 2320 241 2352 6
265 2319 479 2364 pertineret,
500 2317 680 2365 reliquum
700 2322 764 2361 est,
786 2322 825 2352 ut
840 2322 974 2364 egomet
994 2315 1082 2352 mihi
1101 2316 1302 2352 consulam.
1351 2314 1399 2350 Id
1417 2327 1480 2350 vos

271 2370 442 2413 i1rnorare
461 2370 575 2406 nolui.
634 2367 681 2404 Ν
676 2381 735 2406 am
757 2369 846 2405 mihi
874 2374 957 2413 stat,
979 2368 1078 2405 alere
1106 2367 1267 2404 morbum
1295 2368 1476 2403 desinere.

271 2398 441 2470 Namque
460 2422 519 2459 liis
538 2422 666 2459 diebus
694 2422 873 2482 quidquid
902 2421 974 2458 czbz‘
992 2419 1252 2471 [potionisque]
1280 2419 1407 2463 sumsi,
1429 2421 1477 2455 ita

266 2474 428 2520 produxi
447 2475 569 2520 vitam,
583 2481 623 2511 ut
641 2476 808 2512 αιιτενίφη
828 2474 972 2511 dolores
991 2475 1070 2510 sine
1085 2485 1148 2520 spe
1168 2473 1314 2509 salutis.
1353 2469 1477 2518 Quare
