1651 2790
463 215 496 255 I.
542 219 581 264 7,
605 217 643 255 8.
705 215 966 268 (illiltz'ades.)
1289 219 1334 256 13

129 320 230 351 retur
263 313 370 362 isque
390 312 602 349 hortaretur
620 312 775 357 milites,
796 312 1043 371 proeliumque
1065 312 1327 350 committeret.

130 366 238 404 Idem
271 366 337 402 ille
374 366 549 414 populus,
588 372 835 422 posteaquam
871 366 993 414 majus
1032 365 1231 413 imperium
1270 368 1378 403 0314

130 426 275 464 nactus,
309 425 347 454 et
383 418 584 467 largitione
614 417 899 466 magistratuum
930 426 1126 475 corruptus
1159 425 1330 462 031,110-

131 478 262 507 centas
283 478 326 507 st·
320 478 425 506 ttuas
449 471 646 507 Demetrio
668 470 859 507 Phalereo
880 470 1065 506 decrevit.

182 523 274 560 VII.
304 523 398 560 Post
425 523 499 559 hoc
528 523 702 571 proelium
722 523 889 559 classem
908 521 1149 570 septuaginta
1174 521 1331 558 navium

131 575 391 612 Athenienses
426 575 552 611 eidem
587 575 754 612 Miltiadi
783 575 980 619 dederunt,
999 581 1040 610 ut
1067 574 1228 618 insulas,
1248 587 1329 621 quae

130 629 306 664 barbaros
327 627 561 677 adjuverant,
576 628 678 664 bello
698 634 1005 676 persequeretur.
1062 627 1149 669 Quo
1169 626 1330 675 imperio

129 680 331 729 plerasque
353 680 400 716 ad
419 680 585 716 officium
604 680 729 716 redire
751 679 886 729 coegit,
906 679 1108 715 nonnullas
1129 679 1167 715 vi
1187 691 1331 727 expug-

130 733 246 770 navit.
304 733 366 769 Ex
399 732 460 768 his
497 733 635 769 Parum
670 732 846 777 insulam,
867 732 1002 780 opibus
1037 732 1187 775 elatam,
1216 744 1330 778 quum

131 785 298 821 oratione
333 785 585 821 reconciliare
618 797 695 821 non
731 791 875 833 posset,
907 785 1038 833 copias
1078 784 1116 833 [e
1147 783 1327 833 navibus]

131 837 272 882 eduxit,
291 838 423 873 urbem
443 837 620 895 operibus
649 837 786 873 clausit
811 849 988 884 omnique
1017 844 1229 873 commeatu
1257 836 1331 893 pri-

130 902 199 925 vav
202 890 252 934 it;
283 889 421 926 deinde
441 890 565 925 vineis
587 903 631 925 ac
651 889 904 925 testudinibus
926 889 1152 933 constitutis,
1172 889 1328 946 propius

129 953 255 978 muros
277 941 455 978 accessit.
513 942 639 984 Quum
662 943 742 991 jain
762 942 799 978 in
821 954 867 978 eo
890 949 1006 987 esset,
1023 949 1062 977 ut
1077 941 1216 990 oppido
1236 941 1331 989 poti-

130 1001 242 1039 retur,
258 994 390 1042 procul
410 994 449 1030 in
466 994 674 1030 continenti
690 994 812 1039 lucus,
829 994 891 1042 qui
909 1007 957 1030 ex
972 995 1098 1030 insula
1115 994 1330 1041 conspicie-

130 1047 247 1091 batur,
267 1046 402 1083 nescio
422 1059 494 1094 quo
516 1059 621 1091 casu,
643 1054 826 1083 nocturno
852 1054 1023 1095 tempore
1050 1047 1236 1082 incensus
1258 1053 1329 1082 est.

132 1099 250 1148 Cujus
283 1099 434 1135 flamma
465 1106 505 1135 ut
538 1100 583 1135 ab
617 1099 818 1148 oppidanis
849 1106 886 1135 et
919 1099 1241 1147 oppugnatoribus
1273 1106 1332 1134 est

130 1151 226 1196 visa,
246 1149 413 1199 utrisque
437 1152 541 1187 venit
569 1151 609 1188 in
637 1152 867 1200 opinionem,
888 1152 1040 1200 signum
1069 1164 1091 1187 a
1120 1151 1330 1187 classiariis

130 1204 247 1252 regiis
268 1204 405 1240 datum.
464 1205 549 1247 Quo
569 1204 710 1240 factum
730 1211 800 1248 est,
822 1211 862 1240 ut
888 1211 925 1240 et
954 1203 1059 1240 Parii
1087 1217 1109 1239 a
1135 1202 1330 1239 deditione

131 1256 420 1314 deterrerentur,
442 1264 479 1293 et
506 1257 715 1301 Miltiades,
738 1256 890 1301 timens,
910 1269 959 1292 ne
982 1256 1120 1292 classis
1141 1256 1248 1304 regia
1268 1255 1331 1291 ad-

131 1315 312 1354 tentaret,
333 1308 504 1345 incensis
532 1309 724 1357 operibus,
744 1322 825 1357 quae
847 1316 1040 1353 statuerat,
1062 1321 1148 1344 cum
1173 1307 1332 1344 totidem

131 1361 303 1405 navibus,
320 1368 429 1408 atque
447 1369 526 1397 erat
544 1362 751 1410 profectus,
770 1361 941 1397 Athenas
958 1374 1096 1410 magna
1112 1373 1198 1396 cum
1213 1360 1332 1396 offen-

132 1412 240 1448 sione
272 1425 332 1448 cn
337 1426 414 1449 rum
443 1426 596 1449 suorum
624 1414 778 1450 rediret
835 1415 1050 1450 Accusatus
1082 1425 1172 1462 ergo
1205 1413 1331 1461 prodi-

132 1464 257 1508 tionis,
273 1465 384 1511 quod,
400 1477 513 1512 quum
534 1466 672 1501 Parum
692 1479 911 1514 expugnare
931 1473 1075 1514 posset,
1097 1479 1119 1501 a
1138 1478 1229 1513 rege
1251 1477 1331 1501 cor-

132 1524 260 1564 ruptus
295 1516 447 1552 insectis
479 1518 591 1553 rebus
621 1517 885 1553 discessisset.
942 1518 1002 1553 Eo
1030 1525 1200 1565 tempore
1231 1529 1333 1565 aeger

133 1576 214 1604 erat
233 1569 465 1613 vulneribus,
485 1582 567 1616 quae
596 1569 635 1605 in
664 1570 916 1617 oppugnando
945 1569 1085 1617 oppido
1115 1576 1330 1617 acceperat.

133 1621 264 1668 Itaque
293 1621 470 1668 quoniam
500 1622 585 1668 ipse
617 1634 684 1669 pro
716 1634 759 1657 se
790 1621 920 1657 dicere
949 1634 1025 1657 non
1053 1628 1197 1669 posset,
1217 1622 1334 1657 verba

132 1673 224 1709 fecit
243 1672 358 1709 frater
374 1674 455 1722 ejus
472 1673 695 1721 Tisag6ras.
741 1674 870 1709 Causa
891 1674 1043 1721 cognita
1063 1673 1200 1721 capitis
1222 1674 1332 1709 abso-

131 1726 244 1770 lutus,
263 1726 428 1773 pecunia
455 1726 632 1761 multatus
661 1733 730 1771 est,
753 1738 872 1773 eaque
901 1725 950 1762 lis
979 1725 1251 1774 quinquaginta
1278 1733 1332 1762 ta-

132 1778 246 1813 lentis
273 1778 456 1814 aestimata
482 1785 552 1822 est,
573 1785 733 1825 quantus
765 1778 805 1814 in
836 1778 1004 1814 classem
1034 1786 1178 1814 sumtus
1210 1777 1332 1814 factus

132 1837 224 1866 erat.
266 1829 378 1866 Hanc
398 1829 602 1878 pecuniam
621 1830 719 1878 quod
739 1831 890 1866 solvere
912 1831 951 1866 in
970 1829 1174 1878 praesentia
1256 1847 1305 1871 433

131 1894 207 1918 non
240 1889 398 1930 poterat,
429 1883 469 1918 in
501 1882 657 1918 vincula
694 1883 849 1931 publica
881 1883 1080 1931 conjectus
1116 1890 1175 1918 est
1224 1881 1334 1905 ²²²⁶·11·

132 1934 257 1981 ibique
279 1934 381 1970 diem
402 1934 495 1970 obiit
515 1947 745 1983 supremum.

186 1987 297 2023 VIII.
328 1987 406 2023 Η10
424 1987 496 2023 0131
513 1987 670 2023 crimine
688 1987 801 2024 Pario
816 1994 874 2023 est
890 1994 1105 2032 accusatus,
1117 1994 1245 2023 tamen
1259 1987 1334 2022 alia

132 2038 201 2075 fuit
227 2051 344 2074 causa
369 2039 636 2075 damnationis.
692 2039 867 2086 Namque
889 2039 1152 2075 Athenienses
1180 2046 1334 2087 propter

134 2090 325 2127 Pisistrati
344 2091 595 2139 tyrannidem,
611 2104 691 2139 quae
711 2091 846 2139 paucis
862 2092 973 2127 annis
991 2098 1077 2127 ante
1098 2091 1233 2135 fuerat,
1255 2103 1333 2127 om-

134 2142 236 2178 nium
243 2155 396 2178 suorum
404 2143 544 2179 civium
555 2144 762 2191 potentiam
775 2143 1089 2179 extimescebam.
1120 2143 1331 2187 Miltiades,

133 2194 289 2230 multum
308 2194 348 2230 in
367 2195 538 2243 imperiis
558 2195 914 2244 magistratibusque
931 2203 1116 2240 versatus,
1136 2207 1213 2231 non
1227 2194 1333 2230 vide-

134 2246 239 2281 batur
259 2257 374 2292 posse
392 2259 480 2282 esse
501 2246 683 2294 privatus,
699 2248 909 2295 praesertim
928 2260 1040 2295 quum
1057 2246 1333 2283 consuetudine

135 2298 181 2334 ad
209 2297 360 2344 imperii
389 2298 635 2345 cupiditatem
661 2299 760 2334 trahi
779 2299 984 2335 videretur.
1041 2299 1142 2334 Nam
1166 2298 1332 2334 Cherso-

135 2350 219 2386 nesi
247 2361 379 2385 omnes
407 2349 508 2393 11103,
528 2361 621 2396 quos
652 2350 850 2394 habitarat,
871 2362 990 2386 annos
1021 2358 1245 2398 perpetuam
1269 2351 1333 2387 ob-

135 2408 296 2438 tmuerat
326 2401 633 2445 dominationem,
663 2408 919 2449 tyrannusque
954 2401 1076 2437 fuerat
1106 2403 1332 2450 appellatuS‚

134 2453 204 2490 sed
226 2454 366 2502 justus.
423 2453 513 2489 Non
533 2460 613 2488 erat
639 2453 741 2489 enim
760 2452 797 2488 vi
819 2461 1063 2498 consecutus,
1084 2455 1154 2490 sed
1180 2467 1332 2491 suorum

767 2509 789 2528 ⁸)

769 2532 789 2540 -a

1361 1675 1384 1709 6
