1651 2790
257 235 285 274 8
723 246 960 273 PRAEFATIO.

253 336 422 385 infamia,
458 339 595 389 partim
635 339 795 376 humilia
832 347 942 388 atque
981 341 1026 376 ab
1068 339 1269 376 honestate
1311 346 1454 376 remota

201 411 224 445 6
252 416 452 458 ponuntur.
521 409 664 446 Contra.
697 422 743 445 ea
781 410 961 458 pleraque
995 410 1135 446 nostris
1169 410 1335 446 moribus
1369 415 1454 446 sunt

255 478 407 524 decora,
434 491 515 527 quae
547 478 647 527 apud
679 478 767 515 illos
798 479 922 527 turpia
951 486 1138 527 putantur.
1196 479 1323 521 Quem
1354 478 1454 514 enim

254 547 511 585 Romanorum
538 548 654 597 pudet
681 560 840 584 uxorem
868 548 1007 584 ducere
1037 548 1077 584 in
1106 548 1348 585 convivium?
1393 555 1453 585 aut

253 617 361 667 cujus
394 629 471 654 non
502 617 787 654 materfamilias
824 617 986 666 primum
1022 618 1149 654 locum
1180 624 1286 654 tenet
1319 618 1452 654 aedium

201 690 225 723 7
254 694 364 735 atque
385 686 426 723 in
446 687 667 724 celebritate
687 688 885 723 versatur?
943 687 1057 730 Quod
1082 687 1199 723 multo
1224 687 1265 723 fit
1285 687 1395 723 aliter
1414 687 1452 723 in

255 755 419 793 Graecia.
476 756 577 793 Nam
595 769 720 804 neque
740 756 781 792 in
801 756 1017 793 convivium
1036 756 1246 802 adhibetur,
1266 756 1343 793 nisi
1368 769 1452 805 pro-

251 827 499 876 pinquoriun3
528 839 652 875 neque
674 826 799 872 sedet,
818 827 894 863 nisi
914 827 955 863 in
973 826 1152 863 interiore
1176 834 1282 876 parte
1304 826 1451 871 aedium,

252 909 334 944 quae
356 897 594 947 γυναικωνῖτις
613 896 837 945 appellatur,
857 909 930 945 quo
950 908 1063 933 nemo
1084 895 1247 941 accedit,
1265 896 1342 932 nisi
1368 908 1452 945 pro-

199 969 223 1003 8
250 967 392 1016 pinqua
412 966 639 1016 cognatione
661 967 900 1016 conjunctus.
949 966 1029 1004 Sed
1047 966 1112 1003 hic
1132 967 1241 1016 plura
1259 966 1451 1016 persequi,

250 1043 329 1074 tum
346 1036 566 1086 magnitudo
585 1036 790 1073 voluminis
817 1036 1004 1086 prohibet,
1023 1044 1102 1073 tum
1120 1036 1326 1082 festinatio,
1345 1044 1386 1073 ut
1405 1049 1450 1072 ea

251 1105 455 1154 explicem,
490 1118 571 1153 quae
608 1117 768 1141 exorsus
803 1118 898 1142 sum.
970 1105 1098 1147 Quare
1133 1105 1181 1141 ad
1216 1104 1451 1154 propositum

249 1174 448 1211 veniemus
465 1174 556 1211 etin
570 1174 644 1211 hoc
662 1187 896 1224 exponemus
911 1175 1007 1212 libro
1024 1175 1071 1212 de
1087 1175 1164 1212 vita
1180 1175 1449 1212 excellentium

251 1243 536 1294 Imperatorum.
