1651 2790
498 240 603 282 XIV
653 246 687 280 1.
751 241 999 291 (Datames.)
1291 243 1347 281 53

385 494 570 544 XIV.
646 491 1118 542 DATAMES.

550 726 962 764 ARGUMENTUM.

160 814 286 852 CAP.
309 813 344 851 I.
374 813 478 850 Inter
497 813 731 850 barbarorum
750 813 859 849 (laces
873 811 991 871 Ῐαᾳῖε
1012 812 1252 849 clarissimus.
1307 811 1356 850 In

208 867 309 911 bello,
330 873 455 903 cont7a
480 866 666 902 Cadusios
679 873 797 914 gesto,
824 864 1041 914 magnifait
1056 865 1135 913 ejus
1153 878 1271 914 opera,
1290 878 1359 914 quo

196 917 344 968 factam
377 926 443 963 est,
476 926 517 954 ut
541 925 698 967 patema
732 919 765 953 ci
805 918 1008 954 τναιῖωοίαν
1035 918 1239 967 provincia.
1297 917 1356 954 II.

213 970 356 1020 Thyam
372 971 552 1020 dynasten
565 969 832 1019 Paplilagonioe
848 971 968 1006 viuum
987 971 1096 1019 capit.
1144 969 1224 1006 III.
1262 969 1358 1019 Cap-

210 1031 284 1059 tam
318 1023 366 1059 ad
394 1036 514 1072 regem
544 1022 705 1058 adducit.
769 1022 897 1071 Copeis
917 1022 966 1058 ad
985 1022 1112 1058 bellum
1131 1022 1359 1080 AEgyptiu7n

203 1076 417 1127 prceflcitar.
458 1075 532 1111 IV.
563 1075 782 1111 Revocatur.
823 1075 957 1123 Aspim
981 1074 1230 1123 Cappadocem
1249 1075 1357 1123 capit.

217 1127 260 1163 V.
282 1127 496 1164 Aulicorum
511 1128 670 1164 insidias
685 1127 843 1171 edoctas,
862 1127 1130 1175 Cappadociam
1145 1133 1179 1163 ct
1193 1126 1358 1175 Paphla

206 1181 355 1229 goniam
383 1180 455 1217 sibi
482 1187 642 1229 occupat.
704 1178 772 1215 VI.
803 1179 850 1215 In
874 1179 963 1215 bello
992 1179 1170 1215 adversas
1199 1178 1359 1215 Pisidas

211 1233 346 1268 amittit
365 1232 503 1283 filiam.
559 1232 779 1268 Proditores
798 1239 832 1267 et
860 1232 982 1267 hostes
1010 1231 1171 1268 Pisidas
1198 1237 1357 1279 superat.

217 1284 309 1320 VII.
347 1286 385 1321 A
408 1285 495 1336 filio
523 1292 613 1320 natu
640 1285 795 1320 maaeimo
822 1284 1005 1333 proditur.
1067 1282 1183 1319 VIII.
1223 1282 1360 1319 Ducem

211 1336 427 1381 Persarum,
441 1338 791 1381 contrasemissam,
804 1337 928 1372 vincit.
968 1334 1048 1372 IX.
1070 1335 1190 1385 Regis
1202 1335 1361 1372 insidias

213 1389 342 1424 callide
375 1390 480 1425 vitat.
536 1388 591 1424 X.
622 1389 855 1425 Mithridatis
882 1389 961 1425 dolo
995 1389 1149 1438 capitur.
1205 1387 1284 1424 XI.
1314 1386 1362 1423 In

214 1440 385 1488 colloqaw
401 1440 655 1490 pe7·fi·a77de777
675 1441 861 1477 occiditur.

215 1545 246 1582 Ι.
303 1544 428 1580 Venio
464 1557 565 1580 nuno
604 1544 651 1580 ad
688 1544 933 1580 fortissimum
968 1543 1089 1579 virum
1133 1543 1360 1591 maximique
1393 1547 1407 1580 1

162 1598 315 1635 consilii
335 1597 501 1633 omnium
519 1597 771 1641 barbarorum,
793 1596 965 1644 exeeptis
987 1596 1131 1632 duobus
1164 1595 1361 1643 Carthagi-

161 1650 371 1693 niensibus,
394 1649 614 1685 Hamilcare
636 1656 673 1684 et
693 1649 923 1685 Hannibale.
981 1648 1041 1684 De
1062 1660 1134 1695 quo
1153 1647 1226 1684 hoc
1254 1648 1362 1696 plura
1388 1651 1411 1684 2

162 1702 382 1746 referemus,
403 1701 502 1748 quod
522 1708 559 1736 et
588 1701 808 1737 obscuriora
827 1708 913 1736 sunt
938 1701 1020 1749 ejus
1042 1707 1152 1748 gesta
1169 1700 1361 1748 pleraque,

163 1763 201 1791 et
221 1768 278 1799 ea,
291 1766 374 1803 quae
392 1765 574 1801 prospere
589 1753 625 1789 ei
647 1760 858 1797 cesserunt,
870 1765 945 1788 non
961 1752 1218 1800 magnitudine
1236 1752 1362 1800 copia-

162 1820 254 1851 rum,
275 1807 344 1843 sed
365 1805 528 1850 consilii,
545 1817 616 1852 quo
637 1813 713 1840 tum
734 1817 866 1840 omnes
888 1805 1100 1853 superabat,
1113 1803 1335 1840 acciderunt
1352 1818 1361 1848 ;

163 1872 318 1907 quorum
349 1858 425 1894 nisi
462 1857 556 1893 ratio
591 1858 781 1906 explicata
814 1857 937 1901 suerit,
970 1869 1032 1893 res
1067 1868 1250 1904 apparere
1287 1868 1363 1893 non

163 1919 348 1960 poterunt.
424 1910 618 1955 Datames,
649 1917 754 1958 patre
795 1909 1026 1953 CamissarQ
1059 1908 1213 1945 natione
1249 1908 1361 1953 Care,
1391 1911 1412 1944 3

164 1971 281 1999 matre
317 1962 522 2011 Scythissa
553 1970 631 1998 nati
646 1975 676 2006 s,
709 1962 870 2010 primum
905 1961 1066 1997 militum
1097 1973 1255 1997 numero
1293 1960 1363 1997 fuit

165 2015 263 2064 apud
292 2016 541 2051 Artaxerxem
561 2027 701 2058 eorum,
721 2014 784 2061 qui
812 2013 956 2061 regiam
984 2014 1192 2049 tuebantur.
1249 2012 1364 2050 Pater

166 2068 248 2116 ejus
271 2067 524 2111 Camissares,
543 2067 642 2114 quod
664 2074 701 2102 et
722 2079 835 2102 manu
855 2066 973 2110 fortis,
995 2073 1032 2102 et
1049 2065 1151 2101 bello
1173 2072 1361 2110 strenuus,

166 2127 203 2155 et
222 2120 304 2168 regi
323 2119 449 2155 multis
469 2119 566 2155 locis
587 2119 711 2155 fidelis
733 2125 813 2154 erat
845 2125 1016 2166 repertus
1050 2117 1180 2154 habuit
1211 2117 1362 2165 provin-

167 2171 265 2206 ciam
284 2178 428 2230 partem
449 2170 597 2207 Ciliciae
621 2172 729 2220 juxta
750 2170 1048 2219 Cappadociam,
1064 2181 1174 2217 quam
1192 2169 1363 2205 incolunt

168 2223 345 2271 L1eucosy
349 2223 392 2258 ri.
450 2223 644 2267 Datames,
660 2223 822 2259 militare
842 2235 976 2258 munus
996 2222 1171 2269 fungenS,
1190 2220 1362 2269 primurn,
1389 2224 1409 2258 4

166 2274 288 2322 qualis
310 2281 426 2317 esset,
447 2275 616 2322 apparuit
638 2275 677 2311 in
696 2275 810 2319 bello,
830 2274 929 2322 quod
947 2286 1015 2310 rex
1035 2274 1104 2309 adv
1111 2285 1217 2309 ersus
1240 2272 1363 2309 Cadu

169 2327 247 2362 sios
282 2326 414 2374 gessit.
490 2325 662 2373 Namque
701 2325 779 2370 hic,
820 2327 946 2362 multis
985 2325 1136 2361 milibus
1173 2324 1363 2373 regiorum

167 2378 391 2421 interfectis,
410 2377 538 2423 magni
567 2377 636 2413 fuit
663 2378 746 2426 ejus
767 2390 895 2425 opera.
953 2378 1039 2419 Quo
1062 2377 1201 2413 factum
1221 2383 1291 2421 est,
1310 2383 1362 2422 ut,

168 2442 281 2478 quum
299 2430 339 2466 in
359 2442 405 2466 eo
425 2430 526 2465 bello
548 2429 758 2466 cecidisset
778 2429 1031 2473 Camissares,
1050 2435 1208 2477 paterna
1227 2428 1264 2465 ei
1291 2435 1364 2465 tra-

170 2481 319 2518 deretur
337 2481 547 2531 provincia.

767 2533 812 2568 5²1²
