1651 2790
224 277 228 279 ‚
270 228 325 266 50
597 223 717 264 XIII.
758 229 792 265 1.
851 225 1143 276 (Timotheus.)

226 2457 242 2493 1

269 324 401 372 Itaque
441 322 640 367 Chabrias,
673 323 797 370 quoad
829 323 867 359 ei
897 322 1050 367 licebat,
1083 321 1284 371 plurimum
1320 322 1450 358 aberat

269 376 406 424 Neque
442 387 535 411 vero
573 375 676 411 solus
714 375 779 411 ille
819 376 947 412 aberat
982 374 1145 411 Athenis
1181 374 1356 419 libenter,
1395 380 1460 412 sed

270 441 402 465 omnes
435 427 515 464 fere
549 427 744 475 principes
778 427 951 463 fecerunt
978 427 1103 471 idem3
1133 427 1231 474 quod
1258 434 1401 462 tantum
1420 439 1462 462 se

271 482 316 517 ab
346 480 491 516 invidia
526 480 706 528 putabant
742 479 944 524 abfuturos,
982 487 1159 526 quantum
1197 492 1219 515 a
1256 486 1463 527 conspectu

271 545 424 570 suorum
452 532 722 568 recessissent.
789 532 920 579 Itaque
951 532 1085 568 Conon
1111 531 1312 579 plurimum
1346 532 1465 578 Cyprl

272 585 375 629 vixit,
409 584 622 632 Iphicrates
650 583 689 619 in
710 583 888 628 Thracia,
910 582 1135 620 Timotheus
1164 583 1295 627 Lesbi,
1317 582 1465 619 Chares

271 638 310 673 in
332 637 461 685 Sigeo.
519 635 731 672 Dissimilis
751 636 904 684 quidem
924 635 1072 672 Chares
1091 634 1226 671 horum
1245 642 1283 671 et
1297 635 1408 671 factis
1430 641 1466 670 et

271 689 461 732 moribus;
491 688 562 724 sed
579 694 706 724 tamen
726 688 888 725 Athenis
910 695 947 724 et
965 687 1168 723 honoratus
1191 695 1228 723 et
1247 694 1395 735 potens.

325 741 394 778 IV.
452 739 637 776 Chabrias
669 748 794 777 autem
825 740 938 789 periit
969 740 1071 776 bello
1092 739 1228 776 sociali
1248 739 1314 775 tali
1341 738 1466 775 modo.

274 793 552 841 Oppugnabant
571 792 830 829 Athenienses
853 792 1004 829 Chium.
1047 792 1141 828 Erat
1159 792 1199 827 in
1219 791 1346 827 classe
1369 790 1468 827 Cha-

272 846 374 882 brias
393 845 574 893 privatus,
595 845 665 881 sed
692 857 836 890 omnes,
856 845 918 893 qui
937 845 977 880 in
994 844 1215 893 magistratu
1235 850 1352 887 erant,
1381 855 1468 878 auc-

273 898 421 934 toritate
442 897 619 941 anteibat,
649 910 808 945 eumque
836 897 959 946 magis
978 897 1133 941 milites,
1153 909 1263 944 quam
1283 895 1347 943 qui
1374 907 1469 943 prce-

276 957 394 994 erant,
426 949 700 997 adspiciebant.
772 950 868 992 Quae
900 962 962 985 res
994 949 1031 985 ei
1067 948 1265 985 maturavit
1297 954 1467 984 mortem.

275 1002 377 1038 Nam
396 1001 485 1038 dum
511 1001 653 1050 primus
673 1002 798 1038 studet
824 1009 970 1050 portum
993 1002 1145 1045 intrare,
1166 1001 1469 1049 gubernatorem-

274 1066 346 1101 que
376 1054 482 1103 jubet
515 1065 560 1089 eo
581 1054 744 1102 dirigere
764 1067 914 1099 navem,
947 1054 1031 1102 ipse
1063 1054 1136 1090 sibi
1167 1052 1355 1102 perniciei
1387 1051 1468 1087 fuit.

277 1107 403 1148 Quum
436 1104 538 1142 enim
571 1118 617 1142 eo
649 1113 901 1154 penetrasset,
937 1115 1074 1142 ceterae
1101 1117 1177 1142 non
1198 1112 1284 1141 sunt
1314 1110 1468 1140 secutae.

277 1159 363 1200 Quo
383 1157 483 1194 facto
497 1157 749 1194 circumfusus
761 1157 926 1194 hostium
940 1170 1127 1194 concursu
1139 1170 1251 1205 quum
1264 1155 1469 1193 fortissime

276 1216 472 1258 pugnaret,
499 1210 621 1254 navis,
648 1218 769 1247 rostro
802 1223 998 1259 percussa,
1020 1210 1135 1259 coepit
1167 1209 1308 1246 sidere.
1365 1208 1468 1244 Hinc

274 1262 449 1310 refugere
480 1273 593 1308 quum
624 1270 767 1310 posset,
797 1262 830 1299 si
861 1276 904 1299 se
937 1263 976 1299 in
995 1275 1098 1299 mare
1118 1262 1339 1311 dejecisset,
1373 1259 1471 1308 quod

276 1314 428 1350 suberat
456 1314 592 1350 classis
622 1314 928 1359 Atheniensium,
947 1327 1031 1363 quae
1059 1314 1256 1363 exciperet
1272 1320 1470 1356 natantes3

274 1366 399 1415 perire
428 1365 571 1410 maluit,
599 1378 711 1413 quam
744 1367 857 1403 armis
889 1367 1049 1416 abjectis
1079 1379 1216 1403 navem
1242 1365 1472 1412 relinquere,

276 1417 317 1454 in
345 1430 418 1466 qua
436 1417 558 1453 fuerat
585 1425 730 1454 vectus.
785 1419 830 1456 Id
859 1420 979 1455 ceteri
1012 1419 1140 1455 facere
1169 1418 1382 1461 noluerunt,
1408 1415 1471 1464 qui

282 1471 353 1511 '358
432 1469 557 1506 nando
577 1470 616 1506 in
645 1477 763 1506 tutum
791 1478 1058 1519 pervenerunt.
1113 1471 1164 1507 At
1195 1467 1274 1514 ille',
1292 1474 1472 1517 praestare

278 1525 304 1543 a.
322 1519 353 1544 C·
371 1526 399 1543 ¹¹·
432 1521 632 1558 honestam
667 1530 825 1559 mortem
859 1523 1081 1559 existimans
1114 1522 1212 1571 turpi
1242 1521 1338 1566 vitae,
1372 1531 1473 1557 com-

274 1572 399 1610 minus
417 1585 591 1622 pugnans
610 1574 699 1611 telis
719 1574 885 1612 hostium
903 1575 1124 1612 interfectus
1146 1582 1204 1611 est

441 1808 643 1856 XIII.
717 1807 1290 1857 TIMOTHEUS.

660 2023 1070 2061 ARGUMENTUM.

278 2109 406 2147 OAP.
428 2109 463 2146 I.
494 2109 594 2159 Ejus
612 2111 766 2147 virtutes
785 2117 818 2147 et
834 2109 946 2160 facta
961 2111 1098 2147 bellica.
1154 2110 1213 2147 II.
1243 2110 1336 2160 Ipsa,
1356 2109 1455 2146 Lace

327 2162 580 2198 daemoniorum
606 2163 745 2208 victori,
766 2170 891 2199 statua
915 2164 1079 2212 ponitur.
1135 2162 1217 2199 III.
1253 2163 1372 2199 Senex
1393 2158 1468 2198 Me'·

327 2215 471 2250 nestlzeo
484 2216 636 2263 praetori
650 2216 689 2250 in
708 2216 897 2251 consilium
916 2216 1036 2251 datur.
1065 2216 1102 2251 A
1125 2215 1291 2259 Charete,
1304 2221 1470 2264 praetore,

329 2273 525 2303 accusatus
557 2267 763 2303 damnatur.
820 2266 893 2303 IV.
923 2266 1048 2303 Filius
1077 2267 1155 2315 ejus
1190 2267 1317 2303 Conon
1348 2278 1468 2302 muros

326 2319 469 2370 reficere
485 2320 637 2367 cogitur.
687 2318 904 2368 Singularis
923 2320 1088 2356 amicitiae
1106 2321 1347 2356 testimomum
1361 2318 1468 2354 Jasw

327 2372 388 2407 nis
406 2384 493 2420 erga
519 2370 754 2407 Timotheum.
1366 2374 1371 2376 “

327 2456 360 2492 1.
416 2457 652 2501 Timotheus,
683 2457 853 2494 Cononis
882 2458 996 2499 filius,
1025 2457 1286 2494 Atheniensis·
1342 2454 1420 2492 Hic
1447 2467 1466 2491 a
