<?xml version="1.0" encoding="UTF-8"?>
<!DOCTYPE html PUBLIC "-//W3C//DTD XHTML 1.0 Transitional//EN"
    "http://www.w3.org/TR/xhtml1/DTD/xhtml1-transitional.dtd">
<html xmlns="http://www.w3.org/1999/xhtml" xml:lang="en" lang="en">
 <head>
  <title>
</title>
<meta http-equiv="Content-Type" content="text/html;charset=utf-8" />
  <meta name='ocr-system' content='tesseract 3.04.00' />
  <meta name='ocr-capabilities' content='ocr_page ocr_carea ocr_par ocr_line ocrx_word'/>
</head>
<body>
  <div class='ocr_page' id='page_1' title='image "./corneliusneposs00nepouoft_0108.png"; bbox 0 0 1651 2790; ppageno 0'>
   <div class='ocr_carea' id='block_1_1' title="bbox 226 244 1295 300">
    <p class='ocr_par' dir='ltr' id='par_1_1' title="bbox 226 244 1295 300">
     <span class='ocr_line' id='line_1_1' title="bbox 226 244 1295 300; baseline 0.001 -15"><span class='ocrx_word' id='word_1_1' title='bbox 226 249 281 287; x_wconf 80' lang='lat'>98</span> <span class='ocrx_word' id='word_1_2' title='bbox 360 244 503 286; x_wconf 87' lang='lat' dir='ltr'><strong>XXV.</strong></span> <span class='ocrx_word' id='word_1_3' title='bbox 563 250 601 294; x_wconf 80' lang='lat'>2,</span> <span class='ocrx_word' id='word_1_4' title='bbox 623 250 661 286; x_wconf 91' lang='lat'>3.</span> <span class='ocrx_word' id='word_1_5' title='bbox 725 244 793 299; x_wconf 90' lang='lat' dir='ltr'>(T.</span> <span class='ocrx_word' id='word_1_6' title='bbox 817 244 1076 300; x_wconf 76' lang='lat' dir='ltr'><em>Pomponius</em></span> <span class='ocrx_word' id='word_1_7' title='bbox 1101 245 1295 300; x_wconf 84' lang='lat' dir='ltr'>Atticus.)</span> 
     </span>
    </p>
   </div>
   <div class='ocr_carea' id='block_1_2' title="bbox 163 347 1430 2543">
    <p class='ocr_par' dir='ltr' id='par_1_2' title="bbox 220 347 1429 451">
     <span class='ocr_line' id='line_1_2' title="bbox 221 347 1428 397; baseline 0.002 -14"><span class='ocrx_word' id='word_1_8' title='bbox 221 347 505 396; x_wconf 77' lang='lat' dir='ltr'>pronunciaret.</span> <span class='ocrx_word' id='word_1_9' title='bbox 549 347 639 389; x_wconf 82' lang='lat' dir='ltr'>Qua</span> <span class='ocrx_word' id='word_1_10' title='bbox 659 360 706 383; x_wconf 79' lang='lat' dir='ltr'>ex</span> <span class='ocrx_word' id='word_1_11' title='bbox 728 360 769 384; x_wconf 91' lang='lat' dir='ltr'>re</span> <span class='ocrx_word' id='word_1_12' title='bbox 789 348 827 384; x_wconf 89' lang='lat' dir='ltr'>in</span> <span class='ocrx_word' id='word_1_13' title='bbox 847 347 1012 396; x_wconf 87' lang='lat' dir='ltr'>pueritia</span> <span class='ocrx_word' id='word_1_14' title='bbox 1031 348 1170 385; x_wconf 90' lang='lat' dir='ltr'>nobilis</span> <span class='ocrx_word' id='word_1_15' title='bbox 1189 349 1286 385; x_wconf 89' lang='lat' dir='ltr'>inter</span> <span class='ocrx_word' id='word_1_16' title='bbox 1305 361 1428 397; x_wconf 86' lang='lat' dir='ltr'>aequa-</span> 
     </span>
     <span class='ocr_line' id='line_1_3' title="bbox 220 399 1429 451; baseline 0.001 -15"><span class='ocrx_word' id='word_1_17' title='bbox 220 399 276 436; x_wconf 90' lang='lat' dir='ltr'>les</span> <span class='ocrx_word' id='word_1_18' title='bbox 293 399 500 445; x_wconf 85' lang='lat' dir='ltr'>ferebatur,</span> <span class='ocrx_word' id='word_1_19' title='bbox 515 400 736 448; x_wconf 82' lang='lat' dir='ltr'>clariusque</span> <span class='ocrx_word' id='word_1_20' title='bbox 756 399 1106 449; x_wconf 81' lang='lat' dir='ltr'>exsplendescebat,</span> <span class='ocrx_word' id='word_1_21' title='bbox 1121 413 1237 449; x_wconf 87' lang='lat' dir='ltr'>quam</span> <span class='ocrx_word' id='word_1_22' title='bbox 1255 401 1429 451; x_wconf 85' lang='lat' dir='ltr'>generosi</span> 
     </span>
    </p>

    <p class='ocr_par' dir='ltr' id='par_1_3' title="bbox 168 451 1430 658">
     <span class='ocr_line' id='line_1_4' title="bbox 168 451 1430 502; baseline 0.002 -14"><span class='ocrx_word' id='word_1_23' title='bbox 168 454 191 488; x_wconf 87' lang='grc'>4</span> <span class='ocrx_word' id='word_1_24' title='bbox 220 452 471 501; x_wconf 79' lang='lat' dir='ltr'>condiscipuli</span> <span class='ocrx_word' id='word_1_25' title='bbox 492 453 618 489; x_wconf 89' lang='lat' dir='ltr'>animo</span> <span class='ocrx_word' id='word_1_26' title='bbox 639 465 746 500; x_wconf 84' lang='lat' dir='ltr'>aequo</span> <span class='ocrx_word' id='word_1_27' title='bbox 767 451 867 488; x_wconf 87' lang='lat' dir='ltr'>ferre</span> <span class='ocrx_word' id='word_1_28' title='bbox 888 459 1051 501; x_wconf 79' lang='lat' dir='ltr'>possent.</span> <span class='ocrx_word' id='word_1_29' title='bbox 1101 453 1234 502; x_wconf 88' lang='lat' dir='ltr'>Itaque</span> <span class='ocrx_word' id='word_1_30' title='bbox 1249 454 1430 491; x_wconf 71' lang='lat' dir='ltr'>incitabat</span> 
     </span>
     <span class='ocr_line' id='line_1_5' title="bbox 217 504 1429 554; baseline 0.002 -13"><span class='ocrx_word' id='word_1_31' title='bbox 217 517 349 541; x_wconf 89' lang='lat' dir='ltr'>omnes</span> <span class='ocrx_word' id='word_1_32' title='bbox 368 505 492 541; x_wconf 90' lang='lat' dir='ltr'>studio</span> <span class='ocrx_word' id='word_1_33' title='bbox 508 518 576 541; x_wconf 89' lang='lat' dir='ltr'>suo</span> <span class='ocrx_word' id='word_1_34' title='bbox 591 516 602 551; x_wconf 84' lang='lat'>;</span> <span class='ocrx_word' id='word_1_35' title='bbox 634 517 708 554; x_wconf 90' lang='lat' dir='ltr'>quo</span> <span class='ocrx_word' id='word_1_36' title='bbox 729 505 767 540; x_wconf 89' lang='lat' dir='ltr'>in</span> <span class='ocrx_word' id='word_1_37' title='bbox 781 517 943 541; x_wconf 91' lang='lat' dir='ltr'>numero</span> <span class='ocrx_word' id='word_1_38' title='bbox 963 504 1118 542; x_wconf 86' lang='lat' dir='ltr'>fuerunt</span> <span class='ocrx_word' id='word_1_39' title='bbox 1133 505 1179 542; x_wconf 94' lang='lat' dir='ltr'>L.</span> <span class='ocrx_word' id='word_1_40' title='bbox 1197 505 1429 554; x_wconf 82' lang='lat' dir='ltr'>Torquatus,</span> 
     </span>
     <span class='ocr_line' id='line_1_6' title="bbox 218 557 1429 605; baseline 0.001 -12"><span class='ocrx_word' id='word_1_41' title='bbox 218 557 263 594; x_wconf 85' lang='lat' dir='ltr'>C.</span> <span class='ocrx_word' id='word_1_42' title='bbox 287 557 437 593; x_wconf 82' lang='lat' dir='ltr'>Marius</span> <span class='ocrx_word' id='word_1_43' title='bbox 465 557 580 602; x_wconf 86' lang='lat' dir='ltr'>filius,</span> <span class='ocrx_word' id='word_1_44' title='bbox 603 557 657 593; x_wconf 85' lang='lat' dir='ltr'>M.</span> <span class='ocrx_word' id='word_1_45' title='bbox 679 557 837 593; x_wconf 89' lang='lat' dir='ltr'>Cicero:</span> <span class='ocrx_word' id='word_1_46' title='bbox 867 570 962 605; x_wconf 87' lang='lat' dir='ltr'>quos</span> <span class='ocrx_word' id='word_1_47' title='bbox 982 558 1255 594; x_wconf 84' lang='lat' dir='ltr'>consuetudine</span> <span class='ocrx_word' id='word_1_48' title='bbox 1284 571 1355 595; x_wconf 90' lang='lat' dir='ltr'>sua</span> <span class='ocrx_word' id='word_1_49' title='bbox 1375 560 1429 595; x_wconf 90' lang='lat' dir='ltr'>sic</span> 
     </span>
     <span class='ocr_line' id='line_1_7' title="bbox 218 609 1251 658; baseline 0 -13"><span class='ocrx_word' id='word_1_50' title='bbox 218 610 291 646; x_wconf 84' lang='lat' dir='ltr'>sibi</span> <span class='ocrx_word' id='word_1_51' title='bbox 311 609 493 654; x_wconf 80' lang='lat' dir='ltr'>devinxit,</span> <span class='ocrx_word' id='word_1_52' title='bbox 515 617 556 646; x_wconf 93' lang='lat' dir='ltr'>ut</span> <span class='ocrx_word' id='word_1_53' title='bbox 577 622 688 646; x_wconf 91' lang='lat' dir='ltr'>nemo</span> <span class='ocrx_word' id='word_1_54' title='bbox 708 610 755 646; x_wconf 88' lang='lat' dir='ltr'>iis</span> <span class='ocrx_word' id='word_1_55' title='bbox 775 616 958 658; x_wconf 74' lang='lat' dir='ltr'>perpetuo</span> <span class='ocrx_word' id='word_1_56' title='bbox 980 609 1094 646; x_wconf 91' lang='lat' dir='ltr'>fuerit</span> <span class='ocrx_word' id='word_1_57' title='bbox 1113 611 1251 646; x_wconf 87' lang='lat' dir='ltr'>carior.</span> 
     </span>
    </p>

    <p class='ocr_par' dir='ltr' id='par_1_4' title="bbox 169 661 1428 870">
     <span class='ocr_line' id='line_1_8' title="bbox 169 661 1428 713; baseline 0.001 -15"><span class='ocrx_word' id='word_1_58' title='bbox 169 664 186 698; x_wconf 87' lang='lat'>1</span> <span class='ocrx_word' id='word_1_59' title='bbox 271 661 322 699; x_wconf 94' lang='lat' dir='ltr'>II.</span> <span class='ocrx_word' id='word_1_60' title='bbox 354 662 466 698; x_wconf 88' lang='lat' dir='ltr'>Pater</span> <span class='ocrx_word' id='word_1_61' title='bbox 487 669 636 698; x_wconf 88' lang='lat' dir='ltr'>mature</span> <span class='ocrx_word' id='word_1_62' title='bbox 658 662 834 698; x_wconf 79' lang='lat' dir='ltr'>decessit.</span> <span class='ocrx_word' id='word_1_63' title='bbox 884 661 969 710; x_wconf 90' lang='lat' dir='ltr'>Ipse</span> <span class='ocrx_word' id='word_1_64' title='bbox 991 662 1302 699; x_wconf 89' lang='lat' dir='ltr'>adolescentulus</span> <span class='ocrx_word' id='word_1_65' title='bbox 1322 675 1428 713; x_wconf 89' lang='lat' dir='ltr'>prop-</span> 
     </span>
     <span class='ocr_line' id='line_1_9' title="bbox 217 714 1428 763; baseline 0.001 -13"><span class='ocrx_word' id='word_1_66' title='bbox 217 720 277 750; x_wconf 88' lang='lat' dir='ltr'>ter</span> <span class='ocrx_word' id='word_1_67' title='bbox 297 714 518 751; x_wconf 85' lang='lat' dir='ltr'>affinitatem</span> <span class='ocrx_word' id='word_1_68' title='bbox 539 715 581 751; x_wconf 89' lang='lat' dir='ltr'>P.</span> <span class='ocrx_word' id='word_1_69' title='bbox 604 714 781 763; x_wconf 84' lang='lat' dir='ltr'>Sulpicii,</span> <span class='ocrx_word' id='word_1_70' title='bbox 811 714 878 763; x_wconf 90' lang='lat' dir='ltr'>qui</span> <span class='ocrx_word' id='word_1_71' title='bbox 898 714 1075 750; x_wconf 88' lang='lat' dir='ltr'>tribunus</span> <span class='ocrx_word' id='word_1_72' title='bbox 1104 714 1224 763; x_wconf 90' lang='lat' dir='ltr'>plebis</span> <span class='ocrx_word' id='word_1_73' title='bbox 1253 714 1428 751; x_wconf 81' lang='lat' dir='ltr'>interfec-</span> 
     </span>
     <span class='ocr_line' id='line_1_10' title="bbox 217 766 1428 816; baseline 0.001 -13"><span class='ocrx_word' id='word_1_74' title='bbox 217 773 280 803; x_wconf 91' lang='lat' dir='ltr'>tus</span> <span class='ocrx_word' id='word_1_75' title='bbox 299 773 367 812; x_wconf 87' lang='lat' dir='ltr'>est,</span> <span class='ocrx_word' id='word_1_76' title='bbox 388 779 463 803; x_wconf 88' lang='lat' dir='ltr'>non</span> <span class='ocrx_word' id='word_1_77' title='bbox 483 779 620 816; x_wconf 80' lang='lat' dir='ltr'>expers</span> <span class='ocrx_word' id='word_1_78' title='bbox 641 766 712 803; x_wconf 89' lang='lat' dir='ltr'>fuit</span> <span class='ocrx_word' id='word_1_79' title='bbox 731 767 837 803; x_wconf 90' lang='lat' dir='ltr'>illius</span> <span class='ocrx_word' id='word_1_80' title='bbox 857 766 1033 815; x_wconf 86' lang='lat' dir='ltr'>periculi.</span> <span class='ocrx_word' id='word_1_81' title='bbox 1070 766 1252 815; x_wconf 82' lang='lat' dir='ltr'>Namque</span> <span class='ocrx_word' id='word_1_82' title='bbox 1273 768 1428 812; x_wconf 90' lang='lat' dir='ltr'>Anicia,</span> 
     </span>
     <span class='ocr_line' id='line_1_11' title="bbox 220 818 1426 870; baseline 0.001 -15"><span class='ocrx_word' id='word_1_83' title='bbox 220 819 415 868; x_wconf 88' lang='lat' dir='ltr'>Pomponii</span> <span class='ocrx_word' id='word_1_84' title='bbox 435 820 672 864; x_wconf 86' lang='lat' dir='ltr'>consobrina,</span> <span class='ocrx_word' id='word_1_85' title='bbox 687 826 870 868; x_wconf 83' lang='lat' dir='ltr'>nupserat</span> <span class='ocrx_word' id='word_1_86' title='bbox 891 818 944 854; x_wconf 88' lang='lat' dir='ltr'>M.</span> <span class='ocrx_word' id='word_1_87' title='bbox 960 818 1106 864; x_wconf 88' lang='lat' dir='ltr'>Servio,</span> <span class='ocrx_word' id='word_1_88' title='bbox 1122 818 1229 855; x_wconf 88' lang='lat' dir='ltr'>fratri</span> <span class='ocrx_word' id='word_1_89' title='bbox 1249 819 1426 870; x_wconf 82' lang='lat' dir='ltr'>Sulpicii.</span> 
     </span>
    </p>

    <p class='ocr_par' dir='ltr' id='par_1_5' title="bbox 166 871 1429 1235">
     <span class='ocr_line' id='line_1_12' title="bbox 166 871 1429 921; baseline 0.002 -14"><span class='ocrx_word' id='word_1_90' title='bbox 166 872 189 906; x_wconf 87' lang='lat'>2</span> <span class='ocrx_word' id='word_1_91' title='bbox 218 871 352 920; x_wconf 87' lang='lat' dir='ltr'>Itaque</span> <span class='ocrx_word' id='word_1_92' title='bbox 386 871 585 908; x_wconf 86' lang='lat' dir='ltr'>interfecto</span> <span class='ocrx_word' id='word_1_93' title='bbox 623 871 798 921; x_wconf 87' lang='lat' dir='ltr'>Sulpicio</span> <span class='ocrx_word' id='word_1_94' title='bbox 835 877 1081 920; x_wconf 81' lang='lat' dir='ltr'>posteaquam</span> <span class='ocrx_word' id='word_1_95' title='bbox 1111 871 1216 916; x_wconf 55' lang='lat' dir='ltr'>vicit,</span> <span class='ocrx_word' id='word_1_96' title='bbox 1255 871 1429 909; x_wconf 87' lang='lat' dir='ltr'>Cinnano</span> 
     </span>
     <span class='ocr_line' id='line_1_13' title="bbox 217 923 1426 973; baseline -0.002 -13"><span class='ocrx_word' id='word_1_97' title='bbox 217 925 384 961; x_wconf 87' lang='lat' dir='ltr'>tumultu</span> <span class='ocrx_word' id='word_1_98' title='bbox 405 924 599 961; x_wconf 88' lang='lat' dir='ltr'>civitatem</span> <span class='ocrx_word' id='word_1_99' title='bbox 620 937 703 960; x_wconf 87' lang='lat' dir='ltr'>esse</span> <span class='ocrx_word' id='word_1_100' title='bbox 724 923 998 973; x_wconf 79' lang='lat' dir='ltr'>perturbat-am,</span> <span class='ocrx_word' id='word_1_101' title='bbox 1019 936 1144 972; x_wconf 88' lang='lat' dir='ltr'>neque</span> <span class='ocrx_word' id='word_1_102' title='bbox 1165 924 1236 960; x_wconf 86' lang='lat' dir='ltr'>sibi</span> <span class='ocrx_word' id='word_1_103' title='bbox 1270 924 1353 960; x_wconf 88' lang='lat' dir='ltr'>dari</span> <span class='ocrx_word' id='word_1_104' title='bbox 1374 924 1426 960; x_wconf 85' lang='lat' dir='ltr'>fa.</span> 
     </span>
     <span class='ocr_line' id='line_1_14' title="bbox 217 975 1427 1025; baseline 0 -12"><span class='ocrx_word' id='word_1_105' title='bbox 217 977 401 1013; x_wconf 90' lang='lat' dir='ltr'>cultatem</span> <span class='ocrx_word' id='word_1_106' title='bbox 422 989 489 1025; x_wconf 92' lang='lat' dir='ltr'>pro</span> <span class='ocrx_word' id='word_1_107' title='bbox 519 976 702 1025; x_wconf 84' lang='lat' dir='ltr'>dignitate</span> <span class='ocrx_word' id='word_1_108' title='bbox 724 975 890 1020; x_wconf 79' lang='lat' dir='ltr'>vivendi,</span> <span class='ocrx_word' id='word_1_109' title='bbox 912 976 1006 1024; x_wconf 90' lang='lat' dir='ltr'>quin</span> <span class='ocrx_word' id='word_1_110' title='bbox 1035 975 1260 1012; x_wconf 82' lang='lat' dir='ltr'>alterutram</span> <span class='ocrx_word' id='word_1_111' title='bbox 1281 984 1427 1025; x_wconf 88' lang='lat' dir='ltr'>partem</span> 
     </span>
     <span class='ocr_line' id='line_1_15' title="bbox 216 1028 1425 1076; baseline 0 -11"><span class='ocrx_word' id='word_1_112' title='bbox 216 1028 436 1074; x_wconf 84' lang='lat' dir='ltr'>offenderet,</span> <span class='ocrx_word' id='word_1_113' title='bbox 451 1029 664 1065; x_wconf 83' lang='lat' dir='ltr'>dissociatis</span> <span class='ocrx_word' id='word_1_114' title='bbox 685 1029 822 1065; x_wconf 84' lang='lat' dir='ltr'>animis</span> <span class='ocrx_word' id='word_1_115' title='bbox 842 1029 999 1072; x_wconf 89' lang='lat' dir='ltr'>civium,</span> <span class='ocrx_word' id='word_1_116' title='bbox 1014 1040 1134 1076; x_wconf 91' lang='lat' dir='ltr'>quum</span> <span class='ocrx_word' id='word_1_117' title='bbox 1156 1028 1222 1064; x_wconf 85' lang='lat' dir='ltr'>alii</span> <span class='ocrx_word' id='word_1_118' title='bbox 1242 1028 1425 1074; x_wconf 86' lang='lat' dir='ltr'>Sullanis,</span> 
     </span>
     <span class='ocr_line' id='line_1_16' title="bbox 217 1079 1427 1130; baseline 0.002 -14"><span class='ocrx_word' id='word_1_119' title='bbox 217 1081 285 1117; x_wconf 87' lang='lat' dir='ltr'>alii</span> <span class='ocrx_word' id='word_1_120' title='bbox 306 1081 492 1118; x_wconf 85' lang='lat' dir='ltr'>Cinnanis</span> <span class='ocrx_word' id='word_1_121' title='bbox 513 1079 688 1118; x_wconf 85' lang='lat' dir='ltr'>faverent</span> <span class='ocrx_word' id='word_1_122' title='bbox 715 1081 908 1130; x_wconf 88' lang='lat' dir='ltr'>partibus:</span> <span class='ocrx_word' id='word_1_123' title='bbox 939 1080 1118 1117; x_wconf 89' lang='lat' dir='ltr'>idoneum</span> <span class='ocrx_word' id='word_1_124' title='bbox 1150 1087 1301 1129; x_wconf 87' lang='lat' dir='ltr'>tempus</span> <span class='ocrx_word' id='word_1_125' title='bbox 1322 1088 1427 1119; x_wconf 84' lang='lat' dir='ltr'>ratus</span> 
     </span>
     <span class='ocr_line' id='line_1_17' title="bbox 218 1133 1426 1182; baseline 0.001 -12"><span class='ocrx_word' id='word_1_126' title='bbox 218 1133 352 1170; x_wconf 84' lang='lat' dir='ltr'>studiis</span> <span class='ocrx_word' id='word_1_127' title='bbox 373 1133 605 1182; x_wconf 86' lang='lat' dir='ltr'>obsequendi</span> <span class='ocrx_word' id='word_1_128' title='bbox 626 1134 717 1177; x_wconf 89' lang='lat' dir='ltr'>suis,</span> <span class='ocrx_word' id='word_1_129' title='bbox 737 1133 911 1169; x_wconf 85' lang='lat' dir='ltr'>Athenas</span> <span class='ocrx_word' id='word_1_130' title='bbox 931 1145 972 1169; x_wconf 86' lang='lat' dir='ltr'>se</span> <span class='ocrx_word' id='word_1_131' title='bbox 992 1133 1164 1169; x_wconf 84' lang='lat' dir='ltr'>contulit.</span> <span class='ocrx_word' id='word_1_132' title='bbox 1221 1133 1360 1182; x_wconf 90' lang='lat' dir='ltr'>Neque</span> <span class='ocrx_word' id='word_1_133' title='bbox 1381 1147 1426 1171; x_wconf 88' lang='lat' dir='ltr'>eo</span> 
     </span>
     <span class='ocr_line' id='line_1_18' title="bbox 217 1185 1426 1235; baseline 0 -13"><span class='ocrx_word' id='word_1_134' title='bbox 217 1187 348 1222; x_wconf 86' lang='lat' dir='ltr'>secius</span> <span class='ocrx_word' id='word_1_135' title='bbox 379 1186 659 1222; x_wconf 87' lang='lat' dir='ltr'>adolescentem</span> <span class='ocrx_word' id='word_1_136' title='bbox 690 1185 868 1230; x_wconf 88' lang='lat' dir='ltr'>Marium,</span> <span class='ocrx_word' id='word_1_137' title='bbox 899 1185 1043 1222; x_wconf 84' lang='lat' dir='ltr'>hostem</span> <span class='ocrx_word' id='word_1_138' title='bbox 1073 1185 1301 1233; x_wconf 85' lang='lat' dir='ltr'>judicatum,</span> <span class='ocrx_word' id='word_1_139' title='bbox 1326 1186 1426 1235; x_wconf 89' lang='lat' dir='ltr'>juvit</span> 
     </span>
    </p>

    <p class='ocr_par' dir='ltr' id='par_1_6' title="bbox 166 1237 1426 1440">
     <span class='ocr_line' id='line_1_19' title="bbox 166 1237 1425 1288; baseline 0.002 -16"><span class='ocrx_word' id='word_1_140' title='bbox 166 1240 188 1272; x_wconf 87' lang='lat'><strong>3</strong></span> <span class='ocrx_word' id='word_1_141' title='bbox 217 1239 351 1287; x_wconf 89' lang='lat' dir='ltr'>opibus</span> <span class='ocrx_word' id='word_1_142' title='bbox 371 1239 476 1284; x_wconf 80' lang='lat' dir='ltr'>suis3</span> <span class='ocrx_word' id='word_1_143' title='bbox 509 1238 622 1287; x_wconf 87' lang='lat' dir='ltr'>cujus</span> <span class='ocrx_word' id='word_1_144' title='bbox 651 1237 784 1288; x_wconf 83' lang='lat' dir='ltr'>fugam</span> <span class='ocrx_word' id='word_1_145' title='bbox 812 1238 978 1287; x_wconf 88' lang='lat' dir='ltr'>pecunia</span> <span class='ocrx_word' id='word_1_146' title='bbox 997 1238 1225 1274; x_wconf 85' lang='lat' dir='ltr'>sublevavit.</span> <span class='ocrx_word' id='word_1_147' title='bbox 1281 1239 1357 1283; x_wconf 91' lang='lat' dir='ltr'>Ac,</span> <span class='ocrx_word' id='word_1_148' title='bbox 1378 1251 1425 1275; x_wconf 87' lang='lat' dir='ltr'>ne</span> 
     </span>
     <span class='ocr_line' id='line_1_20' title="bbox 216 1290 1425 1340; baseline 0.001 -14"><span class='ocrx_word' id='word_1_149' title='bbox 216 1291 284 1326; x_wconf 90' lang='lat' dir='ltr'>illa</span> <span class='ocrx_word' id='word_1_150' title='bbox 303 1291 557 1340; x_wconf 81' lang='lat' dir='ltr'>peregrinatio</span> <span class='ocrx_word' id='word_1_151' title='bbox 577 1290 847 1327; x_wconf 86' lang='lat' dir='ltr'>detrimentum</span> <span class='ocrx_word' id='word_1_152' title='bbox 867 1290 1020 1339; x_wconf 83' lang='lat' dir='ltr'>aliquod</span> <span class='ocrx_word' id='word_1_153' title='bbox 1040 1290 1193 1327; x_wconf 83' lang='lat' dir='ltr'>afferret</span> <span class='ocrx_word' id='word_1_154' title='bbox 1212 1291 1267 1327; x_wconf 89' lang='lat' dir='ltr'>rei</span> <span class='ocrx_word' id='word_1_155' title='bbox 1288 1290 1425 1327; x_wconf 83' lang='lat' dir='ltr'>famili-</span> 
     </span>
     <span class='ocr_line' id='line_1_21' title="bbox 218 1342 1423 1392; baseline 0.001 -14"><span class='ocrx_word' id='word_1_156' title='bbox 218 1343 286 1387; x_wconf 87' lang='lat' dir='ltr'>ari,</span> <span class='ocrx_word' id='word_1_157' title='bbox 304 1343 436 1379; x_wconf 89' lang='lat' dir='ltr'>eodem</span> <span class='ocrx_word' id='word_1_158' title='bbox 457 1354 637 1392; x_wconf 78' lang='lat' dir='ltr'>magnam</span> <span class='ocrx_word' id='word_1_159' title='bbox 658 1349 804 1391; x_wconf 86' lang='lat' dir='ltr'>partem</span> <span class='ocrx_word' id='word_1_160' title='bbox 825 1342 1062 1380; x_wconf 87' lang='lat' dir='ltr'>fortunarum</span> <span class='ocrx_word' id='word_1_161' title='bbox 1078 1342 1227 1390; x_wconf 88' lang='lat' dir='ltr'>trajecit</span> <span class='ocrx_word' id='word_1_162' title='bbox 1249 1355 1423 1379; x_wconf 87' lang='lat' dir='ltr'>suarum.</span> 
     </span>
     <span class='ocr_line' id='line_1_22' title="bbox 218 1394 1426 1440; baseline 0.001 -9"><span class='ocrx_word' id='word_1_163' title='bbox 218 1394 296 1431; x_wconf 83' lang='lat' dir='ltr'>Hic</span> <span class='ocrx_word' id='word_1_164' title='bbox 329 1396 383 1431; x_wconf 85' lang='lat' dir='ltr'>ita</span> <span class='ocrx_word' id='word_1_165' title='bbox 402 1396 507 1440; x_wconf 75' lang='lat' dir='ltr'>vixit,</span> <span class='ocrx_word' id='word_1_166' title='bbox 538 1401 580 1431; x_wconf 89' lang='lat' dir='ltr'>ut</span> <span class='ocrx_word' id='word_1_167' title='bbox 608 1396 798 1431; x_wconf 89' lang='lat' dir='ltr'>universis</span> <span class='ocrx_word' id='word_1_168' title='bbox 829 1395 1130 1431; x_wconf 86' lang='lat' dir='ltr'>Atheniensibus</span> <span class='ocrx_word' id='word_1_169' title='bbox 1161 1395 1294 1431; x_wconf 83' lang='lat' dir='ltr'>merito</span> <span class='ocrx_word' id='word_1_170' title='bbox 1328 1403 1426 1432; x_wconf 88' lang='lat' dir='ltr'>esset</span> 
     </span>
    </p>

    <p class='ocr_par' dir='ltr' id='par_1_7' title="bbox 165 1447 1425 1758">
     <span class='ocr_line' id='line_1_23' title="bbox 165 1447 1424 1497; baseline 0.002 -15"><span class='ocrx_word' id='word_1_171' title='bbox 165 1447 189 1481; x_wconf 90' lang='grc'>4</span> <span class='ocrx_word' id='word_1_172' title='bbox 218 1448 453 1484; x_wconf 87' lang='lat' dir='ltr'>carissimus.</span> <span class='ocrx_word' id='word_1_173' title='bbox 511 1447 616 1484; x_wconf 87' lang='lat' dir='ltr'>Nam</span> <span class='ocrx_word' id='word_1_174' title='bbox 648 1455 786 1496; x_wconf 82' lang='lat' dir='ltr'>praeter</span> <span class='ocrx_word' id='word_1_175' title='bbox 805 1447 983 1497; x_wconf 84' lang='lat' dir='ltr'>gratiam,</span> <span class='ocrx_word' id='word_1_176' title='bbox 1005 1459 1091 1495; x_wconf 84' lang='lat' dir='ltr'>quae</span> <span class='ocrx_word' id='word_1_177' title='bbox 1121 1447 1201 1495; x_wconf 86' lang='lat' dir='ltr'>jam</span> <span class='ocrx_word' id='word_1_178' title='bbox 1221 1447 1260 1482; x_wconf 91' lang='lat' dir='ltr'>in</span> <span class='ocrx_word' id='word_1_179' title='bbox 1282 1447 1424 1484; x_wconf 89' lang='lat' dir='ltr'>adoles-</span> 
     </span>
     <span class='ocr_line' id='line_1_24' title="bbox 216 1499 1425 1549; baseline 0.002 -14"><span class='ocrx_word' id='word_1_180' title='bbox 216 1500 371 1536; x_wconf 88' lang='lat' dir='ltr'>centulo</span> <span class='ocrx_word' id='word_1_181' title='bbox 402 1512 543 1549; x_wconf 82' lang='lat' dir='ltr'>magna</span> <span class='ocrx_word' id='word_1_182' title='bbox 574 1507 667 1544; x_wconf 86' lang='lat' dir='ltr'>erat,</span> <span class='ocrx_word' id='word_1_183' title='bbox 690 1512 789 1548; x_wconf 83' lang='lat' dir='ltr'>saepe</span> <span class='ocrx_word' id='word_1_184' title='bbox 820 1500 900 1536; x_wconf 89' lang='lat' dir='ltr'>suis</span> <span class='ocrx_word' id='word_1_185' title='bbox 932 1499 1066 1548; x_wconf 90' lang='lat' dir='ltr'>opibus</span> <span class='ocrx_word' id='word_1_186' title='bbox 1094 1499 1262 1548; x_wconf 88' lang='lat' dir='ltr'>inopiam</span> <span class='ocrx_word' id='word_1_187' title='bbox 1293 1512 1425 1537; x_wconf 88' lang='lat' dir='ltr'>eorum</span> 
     </span>
     <span class='ocr_line' id='line_1_25' title="bbox 216 1550 1425 1600; baseline 0.001 -12"><span class='ocrx_word' id='word_1_188' title='bbox 216 1553 410 1600; x_wconf 86' lang='lat' dir='ltr'>publicam</span> <span class='ocrx_word' id='word_1_189' title='bbox 430 1552 584 1589; x_wconf 84' lang='lat' dir='ltr'>levavit.</span> <span class='ocrx_word' id='word_1_190' title='bbox 621 1552 755 1594; x_wconf 84' lang='lat' dir='ltr'>Quum</span> <span class='ocrx_word' id='word_1_191' title='bbox 776 1552 880 1588; x_wconf 89' lang='lat' dir='ltr'>enim</span> <span class='ocrx_word' id='word_1_192' title='bbox 900 1564 1102 1588; x_wconf 88' lang='lat' dir='ltr'>versuram</span> <span class='ocrx_word' id='word_1_193' title='bbox 1124 1550 1251 1588; x_wconf 87' lang='lat' dir='ltr'>facere</span> <span class='ocrx_word' id='word_1_194' title='bbox 1271 1552 1425 1600; x_wconf 84' lang='lat' dir='ltr'>publice</span> 
     </span>
     <span class='ocr_line' id='line_1_26' title="bbox 215 1604 1422 1653; baseline 0 -12"><span class='ocrx_word' id='word_1_195' title='bbox 215 1617 372 1641; x_wconf 86' lang='lat' dir='ltr'>necesse</span> <span class='ocrx_word' id='word_1_196' title='bbox 393 1611 505 1650; x_wconf 87' lang='lat' dir='ltr'>esset,</span> <span class='ocrx_word' id='word_1_197' title='bbox 527 1617 650 1653; x_wconf 90' lang='lat' dir='ltr'>neque</span> <span class='ocrx_word' id='word_1_198' title='bbox 667 1604 750 1653; x_wconf 89' lang='lat' dir='ltr'>ejus</span> <span class='ocrx_word' id='word_1_199' title='bbox 771 1604 1023 1641; x_wconf 90' lang='lat' dir='ltr'>conditionem</span> <span class='ocrx_word' id='word_1_200' title='bbox 1040 1615 1191 1652; x_wconf 82' lang='lat' dir='ltr'>aequam</span> <span class='ocrx_word' id='word_1_201' title='bbox 1211 1604 1422 1652; x_wconf 79' lang='lat' dir='ltr'>haberent3</span> 
     </span>
     <span class='ocr_line' id='line_1_27' title="bbox 215 1657 1424 1707; baseline 0.001 -15"><span class='ocrx_word' id='word_1_202' title='bbox 215 1669 366 1706; x_wconf 89' lang='lat' dir='ltr'>semper</span> <span class='ocrx_word' id='word_1_203' title='bbox 385 1670 425 1693; x_wconf 90' lang='lat' dir='ltr'>se</span> <span class='ocrx_word' id='word_1_204' title='bbox 446 1657 682 1707; x_wconf 89' lang='lat' dir='ltr'>interposuit,</span> <span class='ocrx_word' id='word_1_205' title='bbox 705 1664 820 1705; x_wconf 87' lang='lat' dir='ltr'>atque</span> <span class='ocrx_word' id='word_1_206' title='bbox 841 1657 906 1701; x_wconf 86' lang='lat' dir='ltr'>ita,</span> <span class='ocrx_word' id='word_1_207' title='bbox 928 1663 970 1693; x_wconf 90' lang='lat' dir='ltr'>ut</span> <span class='ocrx_word' id='word_1_208' title='bbox 996 1669 1121 1705; x_wconf 89' lang='lat' dir='ltr'>neque</span> <span class='ocrx_word' id='word_1_209' title='bbox 1153 1668 1310 1692; x_wconf 89' lang='lat' dir='ltr'>usuram</span> <span class='ocrx_word' id='word_1_210' title='bbox 1342 1669 1424 1693; x_wconf 90' lang='lat' dir='ltr'>um-</span> 
     </span>
     <span class='ocr_line' id='line_1_28' title="bbox 215 1708 1423 1758; baseline 0 -13"><span class='ocrx_word' id='word_1_211' title='bbox 215 1721 329 1757; x_wconf 84' lang='lat' dir='ltr'>quam</span> <span class='ocrx_word' id='word_1_212' title='bbox 352 1709 400 1745; x_wconf 86' lang='lat' dir='ltr'>ab</span> <span class='ocrx_word' id='word_1_213' title='bbox 433 1709 480 1745; x_wconf 89' lang='lat' dir='ltr'>iis</span> <span class='ocrx_word' id='word_1_214' title='bbox 501 1710 704 1758; x_wconf 85' lang='lat' dir='ltr'>acceperit,</span> <span class='ocrx_word' id='word_1_215' title='bbox 725 1721 850 1757; x_wconf 90' lang='lat' dir='ltr'>neque</span> <span class='ocrx_word' id='word_1_216' title='bbox 882 1709 1044 1757; x_wconf 86' lang='lat' dir='ltr'>longius,</span> <span class='ocrx_word' id='word_1_217' title='bbox 1066 1720 1181 1756; x_wconf 83' lang='lat' dir='ltr'>quarn</span> <span class='ocrx_word' id='word_1_218' title='bbox 1203 1708 1347 1744; x_wconf 87' lang='lat' dir='ltr'>dictum</span> <span class='ocrx_word' id='word_1_219' title='bbox 1367 1722 1423 1745; x_wconf 89' lang='lat' dir='ltr'>es-</span> 
     </span>
    </p>

    <p class='ocr_par' dir='ltr' id='par_1_8' title="bbox 163 1759 1423 1913">
     <span class='ocr_line' id='line_1_29' title="bbox 163 1759 1423 1810; baseline 0.002 -14"><span class='ocrx_word' id='word_1_220' title='bbox 163 1759 186 1792; x_wconf 90' lang='lat'>5</span> <span class='ocrx_word' id='word_1_221' title='bbox 215 1768 282 1805; x_wconf 87' lang='lat' dir='ltr'>set,</span> <span class='ocrx_word' id='word_1_222' title='bbox 306 1761 406 1810; x_wconf 91' lang='lat' dir='ltr'>[eos]</span> <span class='ocrx_word' id='word_1_223' title='bbox 440 1761 578 1798; x_wconf 88' lang='lat' dir='ltr'>debere</span> <span class='ocrx_word' id='word_1_224' title='bbox 611 1773 744 1810; x_wconf 90' lang='lat' dir='ltr'>passus</span> <span class='ocrx_word' id='word_1_225' title='bbox 773 1762 833 1797; x_wconf 90' lang='lat' dir='ltr'>sit.</span> <span class='ocrx_word' id='word_1_226' title='bbox 891 1760 1004 1802; x_wconf 84' lang='lat' dir='ltr'>Quod</span> <span class='ocrx_word' id='word_1_227' title='bbox 1035 1767 1241 1809; x_wconf 90' lang='lat' dir='ltr'>utrumque</span> <span class='ocrx_word' id='word_1_228' title='bbox 1261 1767 1344 1797; x_wconf 88' lang='lat' dir='ltr'>erat</span> <span class='ocrx_word' id='word_1_229' title='bbox 1376 1762 1423 1798; x_wconf 83' lang='lat' dir='ltr'>iis</span> 
     </span>
     <span class='ocr_line' id='line_1_30' title="bbox 215 1812 1422 1861; baseline 0 -12"><span class='ocrx_word' id='word_1_230' title='bbox 215 1813 397 1849; x_wconf 87' lang='lat' dir='ltr'>salutare.</span> <span class='ocrx_word' id='word_1_231' title='bbox 455 1813 559 1849; x_wconf 85' lang='lat' dir='ltr'>Nam</span> <span class='ocrx_word' id='word_1_232' title='bbox 579 1825 703 1861; x_wconf 88' lang='lat' dir='ltr'>neque</span> <span class='ocrx_word' id='word_1_233' title='bbox 732 1812 964 1861; x_wconf 87' lang='lat' dir='ltr'>indulgendo</span> <span class='ocrx_word' id='word_1_234' title='bbox 990 1813 1269 1849; x_wconf 78' lang='lat' dir='ltr'>inveterascere</span> <span class='ocrx_word' id='word_1_235' title='bbox 1290 1825 1422 1849; x_wconf 85' lang='lat' dir='ltr'>eorum</span> 
     </span>
     <span class='ocr_line' id='line_1_31' title="bbox 216 1864 1421 1913; baseline 0.002 -13"><span class='ocrx_word' id='word_1_236' title='bbox 216 1877 267 1901; x_wconf 83' lang='lat' dir='ltr'>aes</span> <span class='ocrx_word' id='word_1_237' title='bbox 288 1865 455 1900; x_wconf 88' lang='lat' dir='ltr'>alienum</span> <span class='ocrx_word' id='word_1_238' title='bbox 474 1865 697 1913; x_wconf 90' lang='lat' dir='ltr'>patiebatur,</span> <span class='ocrx_word' id='word_1_239' title='bbox 712 1877 834 1913; x_wconf 91' lang='lat' dir='ltr'>neque</span> <span class='ocrx_word' id='word_1_240' title='bbox 857 1864 1155 1913; x_wconf 87' lang='lat' dir='ltr'>multiplicandis</span> <span class='ocrx_word' id='word_1_241' title='bbox 1175 1865 1301 1901; x_wconf 88' lang='lat' dir='ltr'>usuris</span> <span class='ocrx_word' id='word_1_242' title='bbox 1321 1877 1421 1903; x_wconf 86' lang='lat' dir='ltr'>cres-</span> 
     </span>
    </p>

    <p class='ocr_par' dir='ltr' id='par_1_9' title="bbox 163 1916 1421 2123">
     <span class='ocr_line' id='line_1_32' title="bbox 163 1916 1421 1965; baseline 0.002 -13"><span class='ocrx_word' id='word_1_243' title='bbox 163 1916 186 1950; x_wconf 89' lang='grc'>6</span> <span class='ocrx_word' id='word_1_244' title='bbox 215 1929 316 1953; x_wconf 88' lang='lat' dir='ltr'>cere.</span> <span class='ocrx_word' id='word_1_245' title='bbox 360 1917 484 1953; x_wconf 82' lang='lat' dir='ltr'>Auxit</span> <span class='ocrx_word' id='word_1_246' title='bbox 500 1917 570 1953; x_wconf 90' lang='lat' dir='ltr'>hoc</span> <span class='ocrx_word' id='word_1_247' title='bbox 591 1916 759 1953; x_wconf 86' lang='lat' dir='ltr'>officium</span> <span class='ocrx_word' id='word_1_248' title='bbox 781 1916 856 1953; x_wconf 89' lang='lat' dir='ltr'>alia</span> <span class='ocrx_word' id='word_1_249' title='bbox 874 1929 1024 1965; x_wconf 91' lang='lat' dir='ltr'>quoque</span> <span class='ocrx_word' id='word_1_250' title='bbox 1045 1916 1285 1953; x_wconf 83' lang='lat' dir='ltr'>liberalitate.</span> <span class='ocrx_word' id='word_1_251' title='bbox 1317 1917 1421 1954; x_wconf 87' lang='lat' dir='ltr'>Nam</span> 
     </span>
     <span class='ocr_line' id='line_1_33' title="bbox 216 1968 1421 2018; baseline 0.001 -13"><span class='ocrx_word' id='word_1_252' title='bbox 216 1970 414 2005; x_wconf 87' lang='lat' dir='ltr'>universos</span> <span class='ocrx_word' id='word_1_253' title='bbox 434 1968 624 2005; x_wconf 87' lang='lat' dir='ltr'>frumento</span> <span class='ocrx_word' id='word_1_254' title='bbox 644 1968 808 2013; x_wconf 85' lang='lat' dir='ltr'>donavit,</span> <span class='ocrx_word' id='word_1_255' title='bbox 830 1969 882 2005; x_wconf 89' lang='lat' dir='ltr'>ita</span> <span class='ocrx_word' id='word_1_256' title='bbox 903 1975 943 2005; x_wconf 91' lang='lat' dir='ltr'>ut</span> <span class='ocrx_word' id='word_1_257' title='bbox 963 1968 1124 2018; x_wconf 83' lang='lat' dir='ltr'>singulis</span> <span class='ocrx_word' id='word_1_258' title='bbox 1144 1975 1287 2017; x_wconf 87' lang='lat' dir='ltr'>septem</span> <span class='ocrx_word' id='word_1_259' title='bbox 1308 1970 1421 2006; x_wconf 86' lang='lat' dir='ltr'>modii</span> 
     </span>
     <span class='ocr_line' id='line_1_34' title="bbox 216 2020 1421 2070; baseline 0.001 -12"><span class='ocrx_word' id='word_1_260' title='bbox 216 2022 333 2058; x_wconf 86' lang='lat' dir='ltr'>tritici</span> <span class='ocrx_word' id='word_1_261' title='bbox 352 2021 557 2058; x_wconf 89' lang='lat' dir='ltr'>darentur:</span> <span class='ocrx_word' id='word_1_262' title='bbox 587 2021 653 2070; x_wconf 90' lang='lat' dir='ltr'>qui</span> <span class='ocrx_word' id='word_1_263' title='bbox 668 2020 801 2058; x_wconf 87' lang='lat' dir='ltr'>modus</span> <span class='ocrx_word' id='word_1_264' title='bbox 821 2033 1011 2058; x_wconf 73' lang='lat' dir='ltr'>mensurae</span> <span class='ocrx_word' id='word_1_265' title='bbox 1031 2020 1245 2057; x_wconf 87' lang='lat' dir='ltr'>medimnus</span> <span class='ocrx_word' id='word_1_266' title='bbox 1258 2022 1421 2059; x_wconf 86' lang='lat' dir='ltr'>Athenis</span> 
     </span>
     <span class='ocr_line' id='line_1_35' title="bbox 219 2073 445 2123; baseline -0.004 -13"><span class='ocrx_word' id='word_1_267' title='bbox 219 2073 445 2123; x_wconf 88' lang='lat' dir='ltr'>appellatur.</span> 
     </span>
    </p>

    <p class='ocr_par' dir='ltr' id='par_1_10' title="bbox 165 2125 1420 2384">
     <span class='ocr_line' id='line_1_36' title="bbox 165 2125 1419 2175; baseline 0 -12"><span class='ocrx_word' id='word_1_268' title='bbox 165 2130 183 2163; x_wconf 98' lang='lat'>1</span> <span class='ocrx_word' id='word_1_269' title='bbox 268 2125 336 2163; x_wconf 90' lang='lat' dir='ltr'>Ill.</span> <span class='ocrx_word' id='word_1_270' title='bbox 368 2125 445 2162; x_wconf 91' lang='lat' dir='ltr'>Hic</span> <span class='ocrx_word' id='word_1_271' title='bbox 473 2133 602 2162; x_wconf 86' lang='lat' dir='ltr'>autem</span> <span class='ocrx_word' id='word_1_272' title='bbox 622 2126 678 2162; x_wconf 89' lang='lat' dir='ltr'>sic</span> <span class='ocrx_word' id='word_1_273' title='bbox 698 2139 738 2162; x_wconf 89' lang='lat' dir='ltr'>se</span> <span class='ocrx_word' id='word_1_274' title='bbox 757 2125 926 2175; x_wconf 83' lang='lat' dir='ltr'>gerebat,</span> <span class='ocrx_word' id='word_1_275' title='bbox 949 2132 990 2162; x_wconf 88' lang='lat' dir='ltr'>ut</span> <span class='ocrx_word' id='word_1_276' title='bbox 1023 2126 1236 2162; x_wconf 86' lang='lat' dir='ltr'>eommunis</span> <span class='ocrx_word' id='word_1_277' title='bbox 1266 2126 1419 2171; x_wconf 87' lang='lat' dir='ltr'>infimis,</span> 
     </span>
     <span class='ocr_line' id='line_1_37' title="bbox 214 2177 1420 2227; baseline 0.002 -13"><span class='ocrx_word' id='word_1_278' title='bbox 214 2191 283 2226; x_wconf 86' lang='lat' dir='ltr'>par</span> <span class='ocrx_word' id='word_1_279' title='bbox 321 2179 556 2227; x_wconf 86' lang='lat' dir='ltr'>principibus</span> <span class='ocrx_word' id='word_1_280' title='bbox 587 2178 795 2215; x_wconf 77' lang='lat' dir='ltr'>videretur.</span> <span class='ocrx_word' id='word_1_281' title='bbox 859 2177 948 2220; x_wconf 81' lang='lat' dir='ltr'>Quo</span> <span class='ocrx_word' id='word_1_282' title='bbox 977 2177 1121 2214; x_wconf 83' lang='lat' dir='ltr'>factum</span> <span class='ocrx_word' id='word_1_283' title='bbox 1155 2184 1222 2222; x_wconf 88' lang='lat' dir='ltr'>est,</span> <span class='ocrx_word' id='word_1_284' title='bbox 1255 2185 1297 2215; x_wconf 91' lang='lat' dir='ltr'>ut</span> <span class='ocrx_word' id='word_1_285' title='bbox 1329 2179 1420 2216; x_wconf 88' lang='lat' dir='ltr'>huic</span> 
     </span>
     <span class='ocr_line' id='line_1_38' title="bbox 214 2230 1419 2280; baseline 0.001 -13"><span class='ocrx_word' id='word_1_286' title='bbox 214 2243 344 2267; x_wconf 82' lang='lat' dir='ltr'>omnes</span> <span class='ocrx_word' id='word_1_287' title='bbox 365 2231 535 2276; x_wconf 86' lang='lat' dir='ltr'>honores,</span> <span class='ocrx_word' id='word_1_288' title='bbox 550 2243 644 2279; x_wconf 88' lang='lat' dir='ltr'>quos</span> <span class='ocrx_word' id='word_1_289' title='bbox 663 2237 824 2280; x_wconf 87' lang='lat' dir='ltr'>possent,</span> <span class='ocrx_word' id='word_1_290' title='bbox 840 2230 990 2280; x_wconf 90' lang='lat' dir='ltr'>publice</span> <span class='ocrx_word' id='word_1_291' title='bbox 1011 2230 1205 2274; x_wconf 88' lang='lat' dir='ltr'>haberent,</span> <span class='ocrx_word' id='word_1_292' title='bbox 1220 2231 1419 2279; x_wconf 86' lang='lat' dir='ltr'>civemque</span> 
     </span>
     <span class='ocr_line' id='line_1_39' title="bbox 217 2282 1418 2332; baseline 0.001 -14"><span class='ocrx_word' id='word_1_293' title='bbox 217 2282 345 2320; x_wconf 84' lang='lat' dir='ltr'>facere</span> <span class='ocrx_word' id='word_1_294' title='bbox 369 2282 586 2319; x_wconf 87' lang='lat' dir='ltr'>studerent:</span> <span class='ocrx_word' id='word_1_295' title='bbox 616 2295 692 2332; x_wconf 89' lang='lat' dir='ltr'>quo</span> <span class='ocrx_word' id='word_1_296' title='bbox 713 2283 896 2319; x_wconf 86' lang='lat' dir='ltr'>beneficio</span> <span class='ocrx_word' id='word_1_297' title='bbox 916 2283 982 2319; x_wconf 91' lang='lat' dir='ltr'>ille</span> <span class='ocrx_word' id='word_1_298' title='bbox 1012 2283 1066 2319; x_wconf 92' lang='lat' dir='ltr'>uti</span> <span class='ocrx_word' id='word_1_299' title='bbox 1086 2282 1219 2319; x_wconf 90' lang='lat' dir='ltr'>noluit.</span> <span class='ocrx_word' id='word_1_300' title='bbox 1289 2282 1418 2332; x_wconf 82' lang='lat' dir='ltr'>[Quod</span> 
     </span>
     <span class='ocr_line' id='line_1_40' title="bbox 215 2333 1417 2384; baseline 0 -14"><span class='ocrx_word' id='word_1_301' title='bbox 215 2335 387 2371; x_wconf 83' lang='lat' dir='ltr'>nonnulli</span> <span class='ocrx_word' id='word_1_302' title='bbox 421 2336 473 2372; x_wconf 90' lang='lat' dir='ltr'>ita</span> <span class='ocrx_word' id='word_1_303' title='bbox 506 2336 815 2384; x_wconf 87' lang='lat' dir='ltr'>interpretantur,</span> <span class='ocrx_word' id='word_1_304' title='bbox 837 2336 957 2372; x_wconf 89' lang='lat' dir='ltr'>amitti</span> <span class='ocrx_word' id='word_1_305' title='bbox 986 2335 1180 2372; x_wconf 87' lang='lat' dir='ltr'>civitatem</span> <span class='ocrx_word' id='word_1_306' title='bbox 1204 2333 1417 2371; x_wconf 89' lang='lat' dir='ltr'>Romanam</span> 
     </span>
    </p>

    <p class='ocr_par' dir='ltr' id='par_1_11' title="bbox 164 2387 1417 2543">
     <span class='ocr_line' id='line_1_41' title="bbox 164 2387 1417 2437; baseline 0 -14"><span class='ocrx_word' id='word_1_307' title='bbox 164 2390 186 2423; x_wconf 85' lang='lat'><strong>2</strong></span> <span class='ocrx_word' id='word_1_308' title='bbox 216 2388 291 2423; x_wconf 86' lang='lat' dir='ltr'>alia</span> <span class='ocrx_word' id='word_1_309' title='bbox 313 2387 493 2437; x_wconf 67' lang='lat' dir='ltr'>adscita]</span> <span class='ocrx_word' id='word_1_310' title='bbox 549 2387 747 2430; x_wconf 82' lang='lat' dir='ltr'>Quamdiu</span> <span class='ocrx_word' id='word_1_311' title='bbox 767 2387 887 2432; x_wconf 87' lang='lat' dir='ltr'>affuit,</span> <span class='ocrx_word' id='word_1_312' title='bbox 909 2400 956 2424; x_wconf 91' lang='lat' dir='ltr'>ne</span> <span class='ocrx_word' id='word_1_313' title='bbox 976 2400 1053 2437; x_wconf 89' lang='lat' dir='ltr'>qua</span> <span class='ocrx_word' id='word_1_314' title='bbox 1072 2387 1143 2424; x_wconf 88' lang='lat' dir='ltr'>sibi</span> <span class='ocrx_word' id='word_1_315' title='bbox 1163 2393 1288 2422; x_wconf 86' lang='lat' dir='ltr'>statua</span> <span class='ocrx_word' id='word_1_316' title='bbox 1307 2398 1417 2435; x_wconf 90' lang='lat' dir='ltr'>pone-</span> 
     </span>
     <span class='ocr_line' id='line_1_42' title="bbox 215 2437 1416 2489; baseline 0.001 -15"><span class='ocrx_word' id='word_1_317' title='bbox 215 2446 330 2484; x_wconf 81' lang='lat' dir='ltr'>retur,</span> <span class='ocrx_word' id='word_1_318' title='bbox 367 2440 525 2487; x_wconf 83' lang='lat' dir='ltr'>restitit3</span> <span class='ocrx_word' id='word_1_319' title='bbox 576 2441 713 2477; x_wconf 84' lang='lat' dir='ltr'>absens</span> <span class='ocrx_word' id='word_1_320' title='bbox 750 2440 949 2489; x_wconf 90' lang='lat' dir='ltr'>prohibere</span> <span class='ocrx_word' id='word_1_321' title='bbox 987 2452 1062 2477; x_wconf 88' lang='lat' dir='ltr'>non</span> <span class='ocrx_word' id='word_1_322' title='bbox 1099 2439 1229 2488; x_wconf 87' lang='lat' dir='ltr'>potuit.</span> <span class='ocrx_word' id='word_1_323' title='bbox 1285 2437 1416 2486; x_wconf 82' lang='lat' dir='ltr'>Itaque</span> 
     </span>
     <span class='ocr_line' id='line_1_43' title="bbox 214 2489 1415 2543; baseline 0.002 -17"><span class='ocrx_word' id='word_1_324' title='bbox 214 2490 358 2543; x_wconf 75' lang='lat' dir='ltr'>aliquot</span> <span class='ocrx_word' id='word_1_325' title='bbox 379 2492 450 2540; x_wconf 83' lang='lat' dir='ltr'>ipsi</span> <span class='ocrx_word' id='word_1_326' title='bbox 465 2499 501 2530; x_wconf 87' lang='lat' dir='ltr'>et</span> <span class='ocrx_word' id='word_1_327' title='bbox 522 2493 666 2530; x_wconf 86' lang='lat' dir='ltr'>Phidiae</span> <span class='ocrx_word' id='word_1_328' title='bbox 685 2493 779 2537; x_wconf 77' lang='lat' dir='ltr'>locis</span> <span class='ocrx_word' id='word_1_329' title='bbox 795 2493 1043 2529; x_wconf 86' lang='lat' dir='ltr'>sanctissimis</span> <span class='ocrx_word' id='word_1_330' title='bbox 1055 2498 1284 2542; x_wconf 84' lang='lat' dir='ltr'>posuerunt:</span> <span class='ocrx_word' id='word_1_331' title='bbox 1315 2489 1415 2528; x_wconf 81' lang='lat' dir='ltr'>hunt·</span> 
     </span>
    </p>
   </div>
   <div class='ocr_carea' id='block_1_3' title="bbox 1595 0 1651 2790">
    <p class='ocr_par' dir='ltr' id='par_1_12' title="bbox 1595 0 1651 2790">
     <span class='ocr_line' id='line_1_44' title="bbox 1595 0 1651 2790; baseline 0 0"><span class='ocrx_word' id='word_1_332' title='bbox 1595 0 1651 2790; x_wconf 95' lang='lat' dir='ltr'> </span> 
     </span>
    </p>
   </div>
  </div>
 </body>
</html>
