1651 2790
213 1528 235 1560 υτ

265 218 320 255 74
548 212 709 255 XVIII.
769 219 806 262 3,
828 220 866 255 4.
931 212 1189 268 (Eumenes.)

263 315 494 365 persuadere
515 315 683 353 Eumeni
704 317 860 362 studuit,
883 323 924 353 ut
953 316 1177 353 Perdiccam
1198 316 1402 362 desereret,
1424 330 1468 355 ac

263 381 396 405 secum
418 368 562 405 faceret
589 370 822 406 societatem.
880 369 1012 412 Quum
1045 369 1257 418 perducere
1278 383 1368 406 eum
1397 382 1470 407 non

263 428 398 470 posset,
419 421 635 458 interficere
656 429 815 459 conatus
834 428 913 468 est,
946 429 982 459 et
1004 421 1168 467 fecisset,
1189 423 1262 458 nisi
1282 423 1348 459 ille
1370 423 1470 460 clam

262 481 377 511 noctu
398 487 445 511 ex
465 474 651 523 praesidiis
671 475 754 523 eJ'us
774 474 981 524 effugisset.

315 526 384 564 ΠΙ.
415 527 573 564 Interim
595 528 758 564 conflata
779 536 867 564 sunt
895 528 961 564 illa
991 527 1102 571 bella,
1124 540 1210 576 quae
1231 527 1275 564 ad
1306 528 1470 564 interne-

263 579 411 616 cionem
444 586 526 628 post
559 580 770 616 Alexandri
803 588 963 616 mortem
991 587 1098 629 gesta
1131 586 1231 624 sunt,
1261 593 1470 629 omnesque

263 639 541 669 concurrerunt
571 632 617 669 ad
650 632 875 669 Perdiccam
895 631 1196 682 opprimendum.
1253 632 1382 674 Quem
1402 634 1470 669 etsi

263 685 458 721 infirmum
478 685 642 729 videbat,
664 685 763 733 quod
786 697 885 721 unus
905 685 1080 722 omnibus
1111 685 1288 720 resistere
1309 684 1469 734 cogeba-

262 744 336 782 tur,
367 744 495 774 tamen
526 738 694 774 amicum
723 750 796 773 non
827 737 1005 782 deseruit,
1027 749 1151 785 neque
1184 736 1332 781 salutis,
1354 749 1470 786 quam

263 789 363 834 fidei,
386 789 458 826 fuit
478 790 665 840 cupidior.
722 789 956 826 Praefecerat
976 802 1065 826 eum
1086 789 1291 826 Perdiccas
1311 790 1345 826 ei
1374 790 1471 838 parti

263 843 382 887 Asiae,
404 855 490 892 quae
524 844 623 879 inter
658 842 835 879 Taurum
857 849 1024 879 montem
1051 842 1156 891 jacet
1186 849 1299 890 atque
1320 842 1470 879 Helles-

264 902 434 943 pontum,
454 902 490 932 et
521 896 632 931 illum
662 907 783 932 unum
803 901 1029 944 opposuerat
1062 895 1263 943 Europaeis
1292 895 1470 931 adversa-

264 948 354 994 riis;
386 948 466 997 ipse
487 948 703 997 AEgyptum
722 955 982 997 oppugnatum
1005 947 1190 984 adversus
1224 947 1469 984 Ptolemaeum

264 1006 346 1036 erat
375 999 582 1049 profectus,
641 1000 839 1037 Eumenes
859 1013 979 1050 quum
999 1012 1124 1048 neque
1148 1012 1310 1049 magnas
1329 1001 1470 1049 copias,

263 1065 388 1101 neque
408 1053 539 1089 firmas
559 1053 728 1097 haberet,
746 1053 845 1102 quod
862 1060 898 1090 et
913 1052 1185 1096 inexercitatae‘,
1207 1058 1243 1088 et
1259 1064 1332 1088 non
1353 1052 1472 1089 multo

264 1112 350 1142 ante
371 1111 479 1142 erant
498 1112 723 1152 contractae3
756 1105 962 1143 adventare
984 1111 1110 1142 autern
1132 1105 1350 1141 dicerentur
1378 1104 1471 1141 Hel-

263 1157 553 1206 lespontumque
587 1159 769 1195 transisse
806 1159 1010 1208 Antipater
1041 1164 1078 1195 et
1111 1157 1295 1194 Craterus
1333 1169 1472 1207 magno

264 1223 354 1246 cum
375 1211 548 1247 exercitu
569 1210 836 1256 Macedonum,
858 1212 931 1248 viri
951 1223 1071 1260 quum
1091 1210 1278 1254 claritate,
1300 1216 1382 1246 turn
1399 1222 1471 1246 usu

264 1262 355 1298 belli
375 1269 619 1311 praestantes:
650 1262 901 1314 (Macedones
921 1276 1012 1300 vero
1031 1262 1171 1298 milites
1190 1275 1236 1298 ea
1256 1269 1348 1299 tunc
1364 1271 1472 1298 erant

266 1314 379 1360 fama,
401 1327 478 1364 qua
496 1327 601 1352 nunc
618 1314 782 1352 Romani
803 1315 1000 1353 feruntur:
1030 1315 1170 1351 etenim
1186 1327 1336 1363 semper
1355 1315 1471 1351 habiti

264 1374 352 1404 sunt
381 1366 587 1413 fortissimi,
613 1369 679 1416 qui
713 1381 902 1405 summam
931 1368 1081 1418 imperii
1109 1366 1362 1417 potirenturz)
1393 1367 1471 1404 Eu-

265 1432 396 1456 menes
428 1420 676 1470 intelligebat,
699 1421 730 1458 si
757 1422 877 1470 copiae
907 1433 988 1458 suae
1018 1419 1473 1469 cognossent,·adversus

263 1485 359 1521 quos
379 1472 624 1518 ducerentur,
646 1485 721 1509 non
741 1473 850 1511 modo
878 1486 953 1510 non
986 1474 1120 1517 ituras,
1142 1471 1207 1508 sed
1240 1472 1354 1508 simul
1382 1485 1472 1509 cum

265 1525 397 1561 nuntio
412 1525 642 1575 dilapsuras.
701 1525 834 1575 Itaque
855 1526 926 1563 hoc
943 1526 1028 1575 ejus
1045 1524 1115 1562 fuit
1135 1524 1472 1574 prudentissimum

265 1577 479 1622 consilium,
502 1585 543 1615 ut
563 1578 683 1615 deviis
704 1579 904 1616 itineribus
924 1579 1064 1615 milites
1083 1577 1253 1622 duceret,
1274 1577 1314 1613 in
1333 1577 1473 1626 quibus

266 1643 358 1667 vera
379 1630 511 1667 audire
532 1643 607 1668 non
639 1638 801 1680 possent,
823 1638 860 1668 et
893 1632 952 1668 his
990 1630 1248 1680 persuaderet,
1271 1642 1311 1666 se
1340 1636 1473 1667 contra

264 1683 447 1731 quosdam
468 1683 651 1720 barbaros
681 1684 884 1733 proficisci.
942 1683 1075 1731 Itaque
1095 1683 1217 1718 tenuit
1246 1682 1316 1718 hoc
1342 1694 1471 1730 propo-

265 1737 392 1779 situm,
414 1742 451 1772 et
481 1736 586 1783 prius
616 1736 655 1772 in
677 1737 799 1772 aciem
821 1737 1033 1772 exercitum
1054 1734 1186 1771 eduxit
1215 1734 1472 1783 proeliumque

265 1788 465 1831 commisit,
487 1799 603 1836 quam
634 1788 774 1824 milites
807 1789 867 1824 sui
901 1789 1055 1831 scirent,
1077 1799 1165 1823 cum
1194 1787 1334 1835 quibus
1366 1799 1472 1823 arma

266 1838 495 1876 conferrent.
526 1839 667 1876 Effecit
687 1841 802 1876 etiarn
821 1840 918 1883 illud
939 1840 1110 1876 locorum
1130 1840 1471 1888 praeoccupatione‚

266 1899 306 1928 ut
336 1893 508 1940 equitatu
539 1892 663 1940 potius
695 1891 906 1937 dimicaret,
942 1905 1016 1941 quo
1049 1891 1135 1940 plus
1163 1891 1326 1937 valebat,
1356 1904 1472 1941 quarn

266 1944 448 1993 peditatu,
469 1956 544 1992 quo
562 1950 645 1980 erat
663 1944 837 1981 deterior.

318 1997 388 2034 IV.
420 1996 598 2038 Quorum
618 1997 804 2033 acerrimo
828 2010 1020 2034 concursu
1040 2008 1159 2046 quum
1181 2008 1361 2045 magnam
1388 2009 1471 2044 par-

265 2057 340 2086 tem
361 2049 435 2086 diei
455 2054 554 2085 esset
573 2055 797 2098 pugnatum,
819 2050 920 2086 cadit
939 2050 1121 2087 Craterus
1141 2048 1231 2092 dux,
1251 2055 1288 2084 et
1308 2048 1471 2097 Neopto-

265 2102 401 2147 lemus,
422 2102 489 2150 qui
509 2100 721 2137 secundum
741 2101 869 2138 locum
889 2102 1039 2151 imperii
1059 2101 1224 2138 tenebat.
1281 2100 1381 2137 Cum
1402 2101 1472 2137 hoc

266 2155 461 2191 concurrit
480 2154 561 2203 ipse
580 2152 790 2190 Eumenes.
817 2182 822 2186 .
848 2154 928 2197 Qui
957 2167 1075 2203 quum
1106 2154 1203 2190 inter
1223 2166 1263 2189 se
1284 2153 1471 2202 complexi

267 2209 304 2243 in
325 2215 468 2244 terram
489 2218 536 2243 ex
557 2205 666 2254 equis
686 2205 928 2251 decidissent,
952 2214 992 2243 ut
1013 2205 1126 2243 facile
1153 2205 1316 2255 intelligi
1338 2213 1470 2255 posset,

266 2261 423 2296 inimica
442 2264 568 2295 mente
597 2258 848 2304 contendisse,
870 2260 1072 2308 animoque
1093 2258 1216 2307 magis
1235 2259 1350 2294 etiam
1379 2270 1468 2307 pug-

268 2326 391 2357 nasse,
413 2323 530 2360 quam
550 2322 720 2359 corpore,
742 2323 817 2348 non
838 2314 943 2360 prius
964 2311 1133 2348 distracti
1153 2316 1253 2355 sunt,
1275 2323 1390 2358 quam
1420 2310 1471 2345 al-

266 2373 391 2400 torum
413 2364 540 2400 anima
561 2363 774 2411 reliquerit.
832 2364 896 2400 Ab
921 2365 992 2401 hoc
1013 2364 1158 2412 aliquot
1186 2363 1308 2411 plagis
1329 2361 1471 2398 Eume-

266 2429 334 2452 nes
364 2416 602 2459 vulneratur,
623 2427 748 2463 neque
769 2429 813 2452 eo
834 2417 958 2466 magis
978 2429 1025 2453 ex
1046 2415 1182 2465 proelio
1201 2414 1376 2458 excessit,
1407 2413 1470 2450 sed

216 2469 239 2504 8
269 2468 399 2505 acrius
428 2468 550 2506 hostes
582 2469 727 2504 institit.
787 2468 862 2505 Hic
883 2469 1076 2518 equitibus
1110 2466 1329 2516 profligatis,
1359 2466 1458 2502 inter
