1651 2790
427 174 558 236 ἱΧΥ.
619 197 655 242 7,
683 198 721 234 8.
785 190 1154 248 (Epaminondas)
1355 195 1409 233 63

208 296 384 342 admisso,
405 309 524 345 quum
554 296 677 345 patria
705 302 830 332 essent
859 295 1022 344 expulsi,
1053 301 1222 344 receptos
1255 306 1336 331 esse
1367 293 1413 330 ab

210 349 524 386 Atheniensibus.
601 348 676 385 Sed
714 348 880 384 maxime
919 348 1003 396 ejus
1040 347 1258 395 eloquentia
1294 346 1414 383 eluxit

208 401 366 451 Spartae‚
388 402 503 451 legati
538 407 624 437 ante
658 413 827 450 pugnam
861 399 1121 437 Leuctricam.
1178 399 1266 440 Quo
1294 411 1414 448 quum

208 455 379 491 omnium
399 454 588 491 sociorum
608 453 873 490 convenissent
892 452 1020 501 legati,
1042 464 1170 488 coram
1190 450 1413 500 frequentis-

209 507 304 543 simo
323 506 556 556 legationum
575 512 766 543 conventu
794 505 850 542 sic
879 504 1259 542 Lacedaemoniorum
1286 510 1413 551 tyran-

210 559 337 595 nidem
357 560 542 609 coarguit,
572 564 613 595 ut
639 570 714 595 non
734 558 862 594 minus
890 557 958 594 illa
979 557 1147 594 oratione
1176 568 1264 604 opes
1284 568 1415 591 eorum

213 612 458 656 concusserit,
485 624 602 660 quam
636 610 847 648 Leuctrica
867 618 1008 660 pugna.
1067 608 1171 645 Tum
1201 608 1303 644 enim
1333 620 1412 656 per.

214 662 312 708 fecit,
334 664 437 713 quod
467 671 548 713 post
576 664 764 713 apparuit,
787 670 828 700 ut
862 663 1005 700 auxilio
1025 662 1213 698 sociorum
1233 659 1413 697 Lacedae-

214 717 326 754 monii
346 717 601 766 privarentur.

264 768 353 806 VII.
385 769 521 806 Fuisse
549 770 754 818 patientem
783 780 1016 816 suorumque
1039 766 1201 815 injurias
1231 764 1415 802 ferentem

211 821 368 866 civium,
389 821 489 870 quod
518 835 558 858 se
590 822 722 871 patriae
751 821 867 857 irasci
896 820 1004 857 nefas
1033 832 1115 856 esse
1142 819 1312 863 duceret,
1334 818 1416 853 haec

175 872 183 877 ’
211 880 299 910 sunt
331 874 557 910 testimonia.
628 873 762 916 Quum
795 886 884 909 eum
914 879 1065 922 propter
1095 871 1278 908 invidiam
1312 870 1417 907 cives

212 926 407 974 praeficere
440 926 629 963 exercitui
664 926 886 970 noluissent,
922 925 1076 974 duxque
1110 931 1208 961 esset
1246 923 1417 960 delectus

211 979 302 1015 belli
322 979 531 1028 imperitus,
553 979 666 1027 cujus
686 991 815 1016 errore
835 991 879 1015 eo
899 985 998 1015 esset
1026 977 1190 1014 deducta
1210 989 1271 1013 res
1300 974 1414 1025 [mili-

211 1031 324 1081 tum],
346 1039 387 1068 ut
415 1043 546 1068 omnes
567 1031 612 1068 de
633 1032 756 1068 salute
784 1031 1107 1080 pertimescerent,
1128 1029 1227 1078 quod
1248 1029 1417 1065 locorum

212 1085 399 1133 angustiis
433 1084 557 1121 clausi
591 1084 638 1120 ab
672 1084 841 1120 hostibus
874 1083 1165 1120 obsidebantur:
1208 1080 1415 1117 desiderari

212 1143 339 1185 coepta
367 1143 423 1173 est
450 1136 726 1186 Epaminondae
756 1136 967 1185 diligentia.
1024 1134 1120 1171 Erat
1150 1134 1251 1171 enim
1271 1134 1323 1170 ibi
1343 1134 1416 1182 pri-

213 1195 324 1225 vatus
357 1201 517 1226 numero
552 1189 695 1225 militis.
771 1190 807 1225 A
843 1201 918 1237 quo
947 1200 1067 1236 quum
1099 1193 1266 1236 peterent
1296 1199 1416 1235 opem,

212 1241 359 1277 nullam
391 1241 562 1279 adhibuit
595 1242 817 1278 memoriam
847 1240 1099 1285 contumeliae,
1121 1246 1158 1276 et
1191 1239 1416 1284 exercitum,

212 1293 402 1331 obsidione
423 1294 638 1338 liberatum,
659 1293 812 1330 domum
827 1293 977 1330 reduxit
991 1292 1237 1329 incolumem.
1277 1291 1417 1340 Neque

213 1358 304 1382 vero
333 1346 403 1383 hoc
423 1347 541 1383 semel
572 1346 674 1391 fecit,
704 1347 770 1383 sed
799 1347 950 1395 saepius.
1009 1345 1178 1381 Maxime
1200 1350 1328 1380 autem
1349 1344 1420 1380 fuit

214 1397 373 1442 illustre,
395 1411 514 1446 quum
543 1400 583 1435 in
609 1399 911 1448 Peloponnesum
931 1398 1144 1434 exercitum
1165 1396 1335 1433 duxisset
1356 1396 1417 1432 ad-

215 1462 349 1486 versus
369 1450 692 1495 Lacedaemonios,
708 1451 940 1498 haberetque
954 1450 1122 1498 collegas
1137 1449 1242 1492 duos,
1257 1460 1418 1497 quorum

215 1502 311 1538 alter
339 1509 421 1539 erat
442 1502 650 1551 Pelopidas,
672 1503 731 1538 vir
752 1502 855 1538 fortis
876 1515 922 1538 ac
942 1509 1134 1538 strenuus.
1192 1499 1270 1536 Hic
1296 1513 1417 1549 quum

215 1555 440 1591 criminibus
470 1554 776 1591 adversariorum
796 1567 926 1590 omnes
955 1554 994 1589 in
1013 1553 1196 1589 invidiam
1215 1553 1419 1598 venissent,

215 1608 261 1643 ob
281 1620 443 1655 eamque
464 1619 545 1643 rem
565 1607 769 1655 imperium
790 1607 847 1643 his
868 1613 966 1642 esset
987 1606 1224 1654 abrogatum,
1247 1611 1360 1653 atque
1379 1605 1419 1640 in

215 1671 347 1696 eorum
367 1659 495 1696 locum
516 1659 581 1696 alii
610 1666 790 1708 praetores
809 1659 1105 1695 successissent:
1136 1656 1420 1706 Epaminondas

216 1711 439 1760 populiscito
467 1723 542 1748 non
573 1712 710 1760 paruit,
746 1711 923 1759 idemque
954 1717 994 1747 ut
1024 1709 1205 1754 facerent,
1234 1709 1421 1758 persuasit

215 1764 386 1814 collegis,
415 1770 452 1801 et
484 1764 641 1809 bellurn,
663 1763 763 1812 quod
792 1769 1024 1812 susceperat,
1054 1762 1183 1811 gessit.
1240 1761 1421 1810 Namque

216 1815 553 1861 animadvertebat,
574 1816 649 1853 nisi
668 1816 706 1852 id
727 1815 890 1860 fecisset,
905 1822 1024 1851 totum
1041 1814 1254 1851 exercitum
1272 1821 1421 1863 propter

216 1875 419 1917 praetorum
438 1868 734 1918 imprudentiam
750 1868 1066 1917 inscientiamque
1088 1867 1176 1903 belli
1192 1867 1417 1915 periturum.

217 1920 300 1957 Lex
321 1928 402 1958 erat
423 1920 579 1966 Thebis,
600 1933 687 1970 quae
702 1928 821 1958 morte
842 1920 1039 1964 multabat,
1061 1919 1093 1955 si
1113 1919 1199 1967 quis
1218 1918 1419 1968 imperium

217 1972 359 2022 diutius
387 1974 614 2019 retinuisset,
636 1985 752 2022 quam
780 1973 865 2022 lege
893 1972 1121 2022 praefinitum
1143 1970 1250 2007 foret.
1308 1970 1421 2007 Hanc

217 2025 502 2074 Epaminondas
517 2038 636 2074 quum
652 2025 873 2074 reipublicae
885 2023 1156 2062 conservandae
1171 2035 1290 2059 causa
1303 2022 1420 2059 latam

218 2077 374 2122 videret,
397 2077 443 2114 ad
472 2079 680 2126 perniciem
705 2078 870 2114 civitatis
891 2076 1064 2114 conferre
1084 2075 1230 2120 noluit3
1262 2082 1300 2111 et
1327 2087 1419 2123 qua-

218 2135 303 2187 tuor
335 2130 529 2166 mensibus
562 2130 716 2175 diutius,
752 2143 868 2179 quam
903 2128 1066 2179 populus
1092 2127 1270 2176 jusserat,
1305 2127 1422 2176 gessit

220 2192 433 2229 imperium.

271 2233 379 2270 VIII.
422 2234 626 2283 Postquam
660 2234 814 2271 domum
850 2233 1012 2270 reditum
1044 2238 1111 2276 est,
1146 2230 1305 2281 collegae
1337 2230 1421 2279 ejus

222 2284 290 2321 hoc
325 2286 484 2322 crimine
520 2287 815 2323 accusabantur.
885 2286 1038 2328 Quibus
1071 2285 1136 2320 ille
1168 2283 1348 2332 permisit,
1381 2289 1422 2319 ut

220 2349 369 2374 ornnem
390 2350 548 2374 causam
567 2339 606 2374 in
625 2351 666 2374 se
685 2339 948 2381 transferrent,
969 2349 1116 2385 suaque
1135 2348 1250 2384 opera
1277 2334 1422 2371 factum

219 2389 501 2434 contenderent,
536 2396 578 2426 ut
610 2390 687 2439 legi
719 2402 794 2426 non
822 2389 1029 2426 obedirent.
1086 2388 1177 2430 Qua
1205 2386 1422 2424 defensione

221 2441 297 2480 illis
316 2441 486 2490 periculo
505 2441 686 2486 liberatis,
700 2453 812 2478 nemo
831 2440 1136 2490 Epaminondam
1148 2451 1422 2489 responsurum

1446 1189 1469 1222 w
