1651 2790
484 210 643 252 XVIII.
704 217 743 253 2.
803 211 1059 266 (Eumenes.)
1317 219 1368 255 73

168 314 358 359 metimur,
379 326 453 350 non
475 312 638 350 fortuna.
695 313 799 350 Nam
819 327 939 363 quum
959 322 1050 351 aetas
1071 315 1155 364 ejus
1176 317 1370 353 incidisset

169 367 208 403 in
227 379 272 403 ea
301 373 484 415 tempora,
505 367 644 415 quibus
675 366 906 403 Macedones
934 367 1121 410 florerent,
1144 369 1306 405 multum
1336 369 1371 406 ei

167 419 330 456 detraxit
359 419 458 456 inter
489 419 557 455 hos
577 419 733 463 viventi,
763 419 863 467 quod
895 419 1032 455 alienae
1065 426 1147 456 erat
1178 422 1368 468 civitatis3

167 484 292 521 neque
313 471 416 508 aliud
445 471 536 508 huic
565 470 708 517 defuit3
741 484 856 520 quam
887 484 1073 521 generosa
1105 473 1229 521 stirps.
1288 474 1371 510 Etsi

166 524 232 560 ille
265 524 469 560 domestico
489 536 638 560 summo
665 536 807 573 genere
842 531 943 560 erat:
979 531 1106 560 tamen
1143 524 1371 562 Macedones

166 589 256 613 eum
289 576 360 613 sibi
393 575 597 625 aliquando
631 577 806 625 anteponi
835 577 989 626 indigne
1020 575 1214 622 ferebant3
1248 590 1370 627 neque

166 633 295 665 t‘amen
328 641 402 665 non
435 628 688 678 patiebantur.
746 628 936 665 Vineebat
969 629 1070 665 enim
1104 642 1234 665 omnes
1264 643 1369 675 cura,

167 681 376 730 vigilantia,
399 681 590 730 patientia,
611 680 820 717 calliditate
841 687 878 717 et
890 681 1084 718 celeritate
1105 682 1262 731 ingenii.
1294 682 1370 719 Hic

169 733 544 782 peradolescentulus
561 733 606 769 ad
622 734 827 770 amicitiam
845 734 1007 770 accessit
1027 733 1202 783 Philippi,
1222 736 1369 783 Amyn-

166 792 214 822 toe
233 786 313 830 filii,
337 786 520 834 brevique
541 792 708 834 tempore
729 786 767 821 in
787 786 958 822 intimam
984 787 1155 834 pervenit
1176 786 1369 823 familiari-

166 844 293 874 tatem.
366 837 558 886 Fulgebat
592 838 696 873 enim
723 838 803 886 jam
838 838 875 873 in
911 838 1194 875 adolescentulo
1227 839 1371 876 indoles

165 890 326 926 virtutis.
384 889 518 939 Itaque
552 902 640 925 eum
675 891 806 926 habuit
833 890 879 925 ad
913 903 1069 926 manum
1099 892 1234 927 scribae
1266 892 1369 928 loco:

165 942 263 990 quod
283 942 402 978 multo
423 942 521 990 apud
553 942 689 978 Graios
718 943 1027 979 honorificentius
1048 950 1114 988 est,
1136 956 1248 992 quam
1272 945 1371 993 apud

165 993 370 1031 Romanos.
427 994 531 1030 Nam
553 994 651 1042 apud
672 1007 750 1039 nos,
774 1007 908 1031 revera
928 995 1026 1031 sicut
1055 992 1153 1040 sunt,
1175 1009 1369 1032 mercena-

165 1047 211 1082 rii
231 1047 367 1088 scribae
386 1047 652 1083 existimantur
669 1060 679 1093 3
712 1054 747 1083 at
773 1048 872 1095 apud
903 1047 987 1083 illos
1007 1060 1027 1084 e
1047 1049 1236 1084 contrario
1257 1061 1367 1085 nemo

164 1099 211 1135 ad
231 1099 268 1135 id
287 1099 455 1136 officium
477 1099 697 1143 admittitur,
719 1100 792 1135 nisi
812 1099 966 1136 honesto
986 1099 1079 1144 loce,
1101 1107 1136 1136 et
1161 1101 1234 1137 fide
1256 1107 1292 1137 et
1311 1101 1365 1136 in-

163 1151 309 1188 dustria
329 1152 505 1201 cognita:
535 1151 635 1200 quod
668 1164 825 1188 necesse
846 1158 902 1188 est
933 1153 1103 1188 omnium
1124 1154 1368 1189 consiliorum

164 1216 251 1240 eum
273 1217 356 1240 esse
376 1204 613 1252 participem.
656 1203 774 1240 Hunc
795 1204 922 1240 locum
938 1205 1058 1241 tenuit
1074 1205 1251 1241 amicitiae
1268 1205 1367 1254 apud

164 1255 380 1305 Philippum
403 1269 520 1293 annos
539 1262 696 1305 septem.
754 1255 824 1293 Illo
854 1255 1066 1301 interfecto,
1088 1257 1218 1293 eodem
1247 1257 1368 1306 gradu

165 1307 236 1345 fuit
273 1308 373 1357 apud
414 1308 684 1344 Alexandrum
722 1321 840 1345 annos
878 1308 1074 1345 tredecim.
1150 1309 1369 1346 Novissimo

164 1367 330 1409 tempore
350 1360 501 1410 praefuit
528 1361 643 1396 etiam
672 1359 802 1397 alterae
822 1361 994 1409 equitum
1015 1361 1097 1406 alae,
1123 1374 1209 1410 quae
1241 1362 1367 1399 Hetae-

166 1413 245 1449 rice
275 1412 550 1461 appellabatur.
608 1412 771 1460 Utrique
803 1421 932 1449 autem
964 1413 1003 1449 in
1032 1415 1189 1450 consilio
1219 1426 1369 1463 semper

165 1464 285 1508 affuit,
307 1471 344 1500 et
363 1465 531 1500 omnium
553 1476 684 1500 rerum
707 1464 858 1501 habitus
878 1471 934 1501 est
953 1466 1154 1514 particeps.

217 1516 266 1553 II.
297 1516 520 1552 Alexandro
540 1516 739 1564 Babylone
759 1523 917 1561 mortuo,
932 1529 1051 1565 quum
1072 1530 1191 1567 regna
1206 1519 1368 1567 singulis

166 1567 419 1604 familiaribus
447 1568 749 1618 dispertirentur,
770 1574 806 1604 et
834 1581 986 1605 summa
1006 1581 1135 1605 rerum
1156 1570 1292 1606 tradita
1312 1584 1367 1606 es-

165 1627 223 1657 set
242 1620 382 1657 tuenda
402 1620 537 1665 eidem,
556 1621 620 1657 cui
640 1620 864 1657 Alexander
876 1622 1040 1657 moriens
1053 1621 1240 1658 annulum
1253 1635 1364 1658 suum

164 1672 330 1717 dederat,
370 1672 587 1709 Perdiccae:
631 1684 678 1708 ex
716 1685 791 1721 quo
827 1686 957 1709 omnes
990 1673 1243 1722 conjecerant,
1279 1687 1365 1711 eum

165 1737 326 1774 regnum
347 1725 381 1761 ei
411 1724 706 1768 commendasse,
728 1725 849 1773 quoad
880 1726 990 1761 liberi
1010 1726 1093 1774 ejus
1121 1726 1160 1761 in
1180 1739 1289 1762 suam
1311 1734 1365 1762 tu-

164 1778 280 1814 telam
293 1777 553 1826 pervenissent
567 1790 575 1813 :
597 1776 773 1827 (aberant
785 1778 886 1813 enim
902 1778 1084 1814 Craterus
1100 1785 1137 1814 et
1151 1778 1365 1827 Antipater,

165 1830 231 1878 qui
251 1829 474 1866 antecedere
495 1829 598 1865 hunc
619 1827 866 1865 videbantur:
897 1837 1068 1866 mortuus
1087 1837 1167 1866 erat
1185 1830 1364 1879 Hephaes-

165 1883 227 1926 tio,
248 1894 363 1930 quem
389 1894 508 1918 unum
531 1880 764 1925 Alexander,
789 1881 888 1930 quod
911 1881 1022 1918 facile
1057 1882 1218 1931 intelligi
1232 1890 1364 1931 posset,

167 1933 322 1983 plurimi
343 1933 534 1983 fecerat3)
555 1934 626 1970 hoc
654 1940 822 1981 tempore
843 1934 929 1970 data
949 1941 1004 1970 est
1034 1934 1200 1970 Eumeni
1221 1936 1365 1984 Cappa-

165 1986 286 2030 docia,
310 1986 390 2022 sive
410 1987 533 2034 potius
561 1986 675 2022 dicta.
735 1986 838 2023 Nam
859 1994 940 2022 tum
961 1986 999 2022 in
1020 1986 1183 2023 hostium
1204 1995 1284 2023 erat
1305 2000 1364 2035 po-

166 2044 310 2075 testate.
368 2038 486 2074 Huuc
505 2038 576 2074 sibi
597 2038 800 2076 Perdiccas
821 2038 1046 2086 adjunxerat
1073 2051 1210 2087 magno
1230 2040 1363 2083 studio,

165 2090 266 2138 quod
295 2091 334 2126 in
363 2090 513 2127 homine
536 2090 649 2126 fidem
669 2098 706 2127 et
736 2090 960 2126 industriam
991 2102 1172 2139 magnam
1192 2091 1363 2127 videbat:

166 2154 241 2179 non
261 2142 448 2187 dubitans,
469 2143 501 2178 si
534 2155 623 2178 eum
643 2143 871 2192 pellexisset,
903 2154 1041 2191 magno
1070 2143 1157 2178 usui
1191 2142 1268 2178 fore
1296 2144 1365 2178 sibi

167 2194 206 2229 in
226 2194 284 2229 his
304 2194 429 2238 rebus,
451 2206 546 2242 quas
566 2195 785 2243 apparabat.
816 2194 1017 2244 Cogitabat
1032 2195 1145 2237 enim,
1167 2195 1265 2242 quod
1288 2194 1363 2230 fere

166 2258 297 2282 omnes
316 2245 355 2281 in
375 2246 523 2294 magnis
546 2246 716 2294 imperiis
735 2247 1020 2295 concupiscunt,
1042 2246 1211 2282 omnium
1241 2255 1365 2295 partes

167 2298 359 2346 corripere
389 2304 502 2344 atque
530 2298 743 2346 complecti.
800 2298 940 2346 Neque
960 2311 1050 2334 vero
1081 2298 1150 2334 hoc
1178 2298 1242 2334 ille
1263 2299 1365 2335 solus

169 2350 268 2394 fecit,
290 2349 354 2386 sed
385 2349 503 2385 ceteri
533 2362 682 2397 quoque
702 2362 843 2393 omnes,
866 2351 931 2398 qui
966 2349 1179 2385 Alexandri
1215 2349 1364 2387 fuerant

167 2402 296 2439 amici.
366 2400 517 2436 Primus
547 2400 768 2437 Leonnatus
803 2401 1064 2437 Macedoniam
1096 2413 1364 2452 praeoccupare

168 2453 435 2491 destinaverat.
505 2452 582 2490 Hic
614 2453 744 2489 multis
781 2453 1004 2539 rgagnisque
1035 2453 1365 2502 pollicitationibus

1400 894 1423 926 ωι

1396 1679 1419 1711 10
