1651 2790
204 347 219 380 l

205 1128 228 1213 Uia>

256 249 308 286 54
573 246 689 286 XIV.
731 252 767 295 2,
792 251 829 286 3.
889 248 1133 299 (Datames.)

304 343 356 380 II.
414 343 502 379 Pari
532 356 575 382 se
595 344 729 381 virtute
758 351 893 392 postea
920 345 1088 392 praebuit,
1108 337 1223 393 quum
1240 343 1447 393 Autophra-

252 396 360 432 dates
375 396 486 444 jussu
497 396 600 444 regis
615 397 717 433 bello
736 404 1028 444 persequeretur
1041 410 1121 441 eos,
1137 397 1199 444 qui
1215 397 1442 433 defecerant.

253 448 428 495 Namque
448 447 561 497 hujus
575 461 692 497 opera
703 448 848 493 hostes,
862 462 974 496 quum
994 456 1119 485 castra
1133 450 1211 498 jam
1232 449 1449 493 intrassent,

251 499 440 548 profligati
456 507 553 545 sunt,
571 501 835 548 exercitusque
855 501 1022 549 reliquus
1040 508 1286 537 conservatus
1310 501 1447 550 [regis]

254 560 336 596 est3
366 565 438 600 qua
459 564 507 588 ex
526 565 567 588 re
582 553 786 602 majoribus
806 554 919 589 rebus
938 566 1106 601 praeesse
1128 553 1252 601 coepit.
1283 553 1388 589 -Erat
1404 565 1449 588 eo

251 611 420 652 tempore
455 605 488 640 T
492 604 590 652 hyus
611 605 792 653 dynastes
825 605 1108 653 Paphlagoniae,
1130 605 1279 652 antiquo
1309 617 1450 653 genere

251 664 361 693 natus
392 669 415 692 a
444 656 660 704 Pylaemene
696 657 774 701 illo,
794 669 905 704 quem
934 657 1125 693 Homerus
1147 657 1288 693 Troico
1307 657 1409 693 bello
1430 669 1451 693 a

254 709 432 745 Patroclo
451 708 690 744 interfectum
710 709 773 744 ait.
814 709 853 745 Is
872 708 954 758 regi
971 709 1072 745 dicto
1093 708 1250 745 audiens
1270 721 1346 745 non
1359 715 1451 745 erat.

258 761 382 803 Quam
400 761 446 796 ob
464 773 618 796 causam
636 761 737 797 bello
755 773 840 797 cum
854 761 1032 809 persequi
1047 760 1251 805 constituit,
1270 760 1382 809 eique
1395 761 1450 797 rei

253 812 424 861 praefecit
457 813 669 857 Datamem,
697 813 947 861 propinquum
976 813 1262 861 Paphlagonis;
1290 825 1450 860 namque

256 877 304 901 ex
323 864 435 901 fratre
457 872 494 901 et
524 877 651 901 sorore
673 873 778 901 erant
810 865 901 901 nati.
959 865 1083 907 Quam
1111 867 1157 901 ob
1188 878 1341 901 causam
1375 865 1452 901 Da-

255 923 374 953 tames
395 917 555 965 primum
577 917 740 965 experiri
760 918 888 962 voluit,
908 924 947 953 ut
967 917 1050 953 sine
1072 917 1184 953 armis
1204 917 1453 966 propinquum
1487 939 1490 942 ,

257 969 303 1005 ad
335 969 501 1005 officium
533 969 746 1005 reduceret.
802 970 862 1005 Ad
895 982 1006 1017 quem
1037 982 1149 1017 quum
1168 969 1339 1005 venisset
1368 969 1451 1005 sine

255 1021 444 1068 praesidio,
465 1021 563 1068 quod
584 1022 628 1057 ab
656 1021 778 1057 amico
797 1022 920 1058 nullas
940 1029 1134 1058 vereretur
1154 1021 1325 1066 insidias,
1344 1034 1452 1069 paene

256 1073 410 1109 interiit.
452 1073 553 1109 Nam
572 1073 707 1122 Thyus
729 1086 815 1110 eum
836 1074 933 1109 clam
952 1074 1167 1110 interficere
1187 1073 1316 1110 voluit.
1360 1073 1453 1110 Erat

257 1133 376 1161 mater
412 1138 500 1161 cum
538 1125 712 1170 Datame,
751 1129 863 1162 amita
901 1125 1174 1174 Paphlagonis.
1256 1125 1328 1170 Ea,
1365 1126 1453 1172 quid

259 1185 444 1226 ageretur,
464 1178 608 1222 resciit,
628 1178 819 1225 filiumque
840 1179 995 1214 monuit.
1052 1178 1122 1214 Ille
1140 1177 1228 1226 fuga
1243 1178 1454 1226 periculum

259 1228 424 1274 evitant,
457 1230 672 1277 bellumque
710 1230 847 1266 indixit
885 1230 918 1266 T
922 1230 1011 1278 hyo.
1068 1231 1112 1266 In
1149 1242 1221 1278 quo
1308 1242 1371 1265 um
1408 1231 1453 1266 ab

258 1281 527 1326 Ariobarzane,
539 1282 718 1330 praefecto
732 1282 867 1330 Lydiae
880 1289 917 1318 et
930 1282 1048 1318 Ioniae
1060 1282 1248 1329 totiusque
1258 1242 1368 1331 (1131th
1358 1282 1454 1331 giae,

259 1333 431 1369 desertus
467 1341 582 1378 esset,
615 1333 735 1370 nihilo
768 1334 924 1383 segnius
956 1335 1226 1382 perseveravit,
1255 1347 1454 1383 vuumque

259 1385 413 1433 Thyum
433 1386 536 1433 cepit
556 1399 640 1422 cum
659 1398 776 1422 uxore
798 1394 835 1422 et
853 1387 997 1423 liberis.

282 1478 285 1481 ‚
311 1437 385 1474 III.
443 1438 560 1486 Cujus
581 1438 671 1474 facti
690 1451 738 1474 ne
760 1439 862 1487 prius
884 1438 982 1474 sama
999 1438 1047 1474 ad
1065 1451 1207 1486 regem,
1228 1451 1338 1486 quam
1357 1439 1454 1488 ipse,

257 1489 485 1537 perveniret,
515 1490 618 1526 dedit
646 1503 811 1538 operam.
867 1491 998 1538 Itaque
1027 1491 1199 1527 omnibus
1228 1491 1375 1536 insciis,
1396 1504 1455 1536 eo,

258 1541 322 1578 ubi
357 1549 436 1577 erat
467 1554 547 1586 rex,
566 1542 683 1587 venit,
711 1550 938 1590 posteroque
969 1543 1030 1578 die
1065 1543 1230 1591 Thyum,
1263 1543 1456 1580 hominem

257 1594 412 1630 maximi
447 1595 615 1642 corporis
649 1595 881 1642 terribilique
914 1595 1026 1639 facie,
1061 1595 1160 1642 quod
1193 1602 1231 1631 et
1262 1596 1383 1644 niger,
1418 1603 1456 1632 et

261 1646 397 1694 capillo
417 1647 532 1694 longo
549 1647 737 1694 barbaque
755 1654 834 1682 erat
853 1647 1051 1695 promissa,
1071 1647 1211 1694 optima
1226 1655 1333 1683 veste
1349 1649 1454 1694 texit,

260 1711 370 1745 quam
400 1705 558 1746 satrapae
588 1699 685 1747 regii
720 1711 853 1746 gerere
886 1706 1187 1743 consueverant;
1235 1699 1453 1747 ornaritque

262 1750 375 1785 etiam
392 1757 535 1797 torque,
556 1757 594 1786 et
621 1750 778 1786 armillis
800 1750 938 1794 aureis,
961 1757 1163 1797 ceteroque
1192 1751 1299 1799 regio
1328 1752 1430 1788 cultu
1444 1781 1452 1797 ,

261 1801 344 1849 ipse
359 1802 499 1850 agresti
512 1802 654 1850 duplici
669 1802 830 1838 amiculo
851 1802 1103 1838 circumdatus
1123 1802 1294 1850 hirtaque
1313 1804 1454 1850 tunica,

261 1865 398 1902 gerens
412 1853 452 1889 in
469 1854 592 1902 capite
607 1855 755 1902 galeam
766 1853 1009 1898 venatoriam,
1023 1854 1154 1890 dextra
1172 1867 1283 1891 manu
1297 1856 1449 1898 clavam,

262 1905 414 1941 sinistra
434 1906 620 1953 copulam,
640 1919 712 1954 qua
727 1906 894 1942 vinctum
909 1913 995 1942 ante
1012 1919 1054 1942 se
1075 1906 1229 1954 Thyum
1249 1909 1395 1955 agebat,
1415 1921 1455 1945 ut

262 1957 295 1993 si
315 1957 434 1993 feram
459 1957 622 1993 bestiam
645 1966 792 2006 captam
821 1958 989 1994 duceret.
1047 1958 1172 2000 Quem
1189 1971 1302 2006 quum
1321 1972 1454 1998 omnes

260 2009 523 2058 prospicerent
549 2017 701 2058 propter
718 2010 924 2046 novitatem
944 2010 1095 2046 ornatus
1123 2009 1362 2059 ignotamque
1383 2012 1455 2048 for-

260 2074 372 2105 mam,
388 2062 434 2098 ob
455 2074 611 2110 eamque
630 2075 711 2098 rem
728 2075 886 2110 magnus
908 2069 1013 2098 esset
1032 2074 1238 2098 concursus
1254 2076 1261 2099 :
1292 2063 1361 2099 fuit
1378 2077 1454 2101 non

260 2126 384 2158 nemo,
404 2113 466 2161 qui
487 2121 713 2162 agnosceret
733 2113 897 2162 Thyum,
910 2115 1066 2162 regique
1086 2115 1285 2151 nuntiaret.
1326 2116 1454 2153 Primo

262 2178 337 2202 non
359 2166 578 2202 accredidit.
635 2167 765 2214 Itaque
787 2166 1072 2203 Pharnabazum
1085 2167 1187 2202 misit
1208 2168 1452 2215 exploratum.

262 2220 296 2254 A
316 2231 387 2265 quo
406 2225 446 2254 ut
478 2230 558 2254 rem
588 2226 735 2267 gestam
768 2218 962 2266 comperit,
996 2219 1121 2254 statim
1155 2219 1298 2255 admitti
1327 2221 1453 2269 jussit,

261 2283 490 2327 magnopere
521 2270 732 2306 delectatus
765 2282 878 2318 quum
910 2270 1022 2315 sactO,
1052 2278 1129 2306 tum
1158 2278 1300 2316 ornatu,
1329 2272 1455 2320 impri-

261 2322 346 2366 mis,
365 2322 465 2370 quod
495 2323 633 2358 nobilis
654 2335 722 2358 rex
753 2323 793 2358 in
812 2330 1037 2370 potestatem
1056 2322 1265 2370 inopinanti
1285 2331 1453 2360 v.enerat

262 2374 393 2421 Itaque
412 2375 613 2423 magnifice
636 2375 836 2411 Datamem
855 2374 1031 2410 donatum
1052 2375 1098 2410 ad
1115 2375 1322 2410 exercitum
1339 2370 1454 2420 misit,

221 2473 226 2477 Ι
261 2426 325 2473 qui
343 2433 420 2462 tum
436 2426 724 2463 contrahebatur
743 2427 839 2463 duce
857 2426 1102 2463 Pharnabazo
1119 2433 1157 2462 et
1176 2426 1393 2463 Tithrauste
1407 2427 1454 2464 ad

262 2477 403 2514 bellum
414 2478 651 2527 AEcryptium
663 2478 818 2527 parique
840 2491 925 2514 eum
930 2486 1060 2526 ,atque
1080 2478 1180 2522 illos,
1193 2477 1351 2526 imperio
1365 2491 1452 2516 esse
