1651 2790
259 241 314 278 84
570 237 668 278 XX.
727 243 765 287 4,
787 243 824 278 5.
889 237 1152 293 (Timoleon.)

255 350 278 374 a
298 338 554 377 fundamentis
574 340 747 389 disjecit3
781 347 910 377 cetera
938 341 1152 389 tyrannidis
1173 335 1461 392 propugnacula

255 390 456 429 demolitus
476 399 544 437 est,
566 393 742 441 deditque
763 405 930 442 operam,
954 401 994 430 ut
1027 406 1143 442 quam
1164 395 1320 430 minime
1340 395 1460 431 multa

256 445 417 494 vestigia
436 446 631 482 servitutis
651 452 864 482 manerent.
908 446 1041 487 Quum
1061 447 1175 483 tantis
1195 453 1294 483 esset
1313 447 1459 495 opibus,

255 502 296 533 ut
316 498 430 533 etiam
450 498 578 534 invitis
598 498 787 546 imperare
807 505 955 546 posset,
987 505 1136 535 tantum
1157 506 1284 536 autem
1305 499 1460 536 haberet

254 561 422 585 amorem
442 550 613 586 omnium
635 549 868 595 Siculorum,
886 557 927 587 ut
945 551 1052 587 nullo
1074 558 1276 587 recusante
1298 563 1460 600 regnum

252 601 461 639 obtineret:
492 602 627 639 maluit
646 615 686 639 se
707 602 826 652 diligi,
848 615 964 651 quam
986 604 1116 639 metui.
1173 603 1319 651 Itaque,
1341 615 1458 652 quum

252 655 418 702 primum
439 655 569 703 potuit,
592 655 796 703 imperium
816 654 1002 704 deposuit,
1023 662 1060 691 et
1088 656 1260 703 privatus
1288 655 1457 703 Syracu-

252 707 315 751 sis,
337 707 436 755 quod
457 707 650 756 reliquum
672 707 760 743 vitae
790 706 871 751 fuit,
895 708 1002 743 vixit.
1063 707 1203 756 Neque
1225 719 1314 744 vero
1334 707 1371 743 id
1391 709 1456 743 im-

251 759 369 807 perite
392 759 494 796 fecit.
545 759 649 796 Nam
670 759 770 808 quod
791 760 908 796 ceteri
930 772 1040 808 reges
1060 760 1220 808 imperio
1240 766 1457 808 potuerunt,

251 811 313 848 hic
348 812 615 848 benevolentia
648 812 781 848 tenuit.
851 811 998 848 Nullus
1032 813 1150 849 honos
1181 812 1272 848 huic
1311 811 1456 858 defuit,

249 875 374 912 neque
409 871 538 912 postea
573 877 634 900 res
665 864 746 900 ulla
780 863 988 912 Syracusis
1022 870 1130 913 gesta
1149 871 1206 901 est
1225 864 1390 913 publice,
1412 864 1458 900 de

250 928 327 964 qua
365 917 470 965 prius
507 917 554 953 sit
592 917 802 961 decretum,
834 929 950 965 quam
984 916 1234 953 Timoleontis
1268 917 1457 953 sententia

250 969 415 1017 cognita.
473 968 635 1005 Nullius
669 981 852 1017 umquam
873 969 1076 1005 consilium
1110 981 1183 1005 non
1213 969 1322 1005 modo
1352 976 1454 1005 ante-

250 1020 382 1065 latum,
404 1021 469 1057 sed
490 1033 538 1058 ne
559 1028 820 1071 comparatum
841 1021 995 1069 quidem
1015 1028 1084 1057 est.
1119 1021 1260 1069 Neque
1281 1021 1316 1057 id
1334 1022 1456 1071 magis

250 1073 513 1110 benevolentia
534 1073 680 1110 factum
700 1080 768 1118 est,
791 1086 907 1122 quam
929 1073 1143 1122 prudentia.

301 1125 371 1162 IV.
404 1125 481 1162 Hic
514 1139 634 1175 quum
655 1132 764 1162 aetate.
790 1126 870 1174 jam
902 1133 1104 1174 provectus
1132 1134 1244 1171 esset,
1266 1127 1348 1162 sine
1377 1126 1456 1163 ullo

249 1178 379 1214 morbo
398 1178 545 1215 lumina
565 1178 765 1215 oculorum
781 1179 918 1214 amisit.
975 1177 1103 1219 Quam
1124 1178 1382 1216 calamitatem
1402 1179 1454 1215 ita

248 1230 440 1267 moderate
462 1231 558 1275 tulit,
582 1238 622 1267 ut
656 1243 781 1279 neque
803 1243 892 1266 eum
922 1237 1146 1279 querentem
1166 1232 1369 1280 quisquam
1390 1244 1439 1268 au

249 1282 371 1326 dierit,
393 1295 517 1331 neque
539 1296 581 1319 eo
606 1284 733 1319 minus
762 1283 920 1331 privatis
947 1283 1188 1332 publicisque
1210 1284 1322 1320 rebus
1342 1285 1453 1320 inter.

196 1339 204 1352 ⁵
249 1333 376 1371 fuerit.
434 1335 625 1371 Veniebat
646 1342 772 1371 autem
801 1336 839 1371 in
863 1335 1065 1380 theatrum,
1088 1348 1207 1384 quum
1228 1336 1279 1371 ibi
1300 1336 1439 1372 concili

248 1399 313 1422 um
344 1387 471 1436 populi
506 1388 723 1432 haberetur,
756 1394 906 1436 propter
940 1388 1199 1424 valetudinem
1231 1394 1364 1436 vectus
1394 1388 1439 1436 ju

247 1439 384 1476 mentis
414 1440 571 1488 junctis,
594 1440 716 1488 adque
752 1441 802 1475 ita
832 1440 877 1475 de
899 1440 1087 1484 vehiculo,
1109 1452 1195 1488 quae
1216 1440 1453 1485 videbantur,

247 1491 419 1538 (licebat3
452 1505 576 1540 neque
607 1493 676 1528 hoc
711 1493 769 1528 illi
788 1493 991 1540 quisquam
1025 1493 1214 1529 tribuebat
1249 1493 1452 1541 superbiae.

246 1543 355 1580 Nihil
391 1545 492 1580 enim
531 1557 713 1592 umquam
744 1557 868 1593 neque
898 1545 1076 1589 insolens,
1097 1557 1221 1593 neque
1248 1545 1454 1594 gloriosum

195 1600 203 1610 ⁵
247 1609 293 1632 ex
314 1609 377 1633 ore
407 1597 490 1645 ejus
511 1597 614 1633 exiit.
672 1597 750 1639 Qui
772 1596 937 1645 quidem,
959 1610 1077 1645 quum
1112 1610 1202 1633 suas
1235 1597 1368 1633 laudes
1389 1610 1453 1634 au-

246 1648 342 1685 diret
363 1649 574 1698 praedicari,
596 1661 808 1698 numquam
831 1649 935 1685 aliud
961 1650 1065 1693 dixit,
1088 1662 1203 1698 quam
1225 1663 1265 1686 se
1286 1650 1325 1685 in
1345 1662 1390 1686 ea
1411 1662 1452 1685 re

247 1702 435 1738 maximas
468 1702 539 1737 diis
569 1702 714 1750 gratias
744 1714 857 1750 agere
879 1708 991 1749 atque
1026 1702 1178 1745 habere,
1201 1701 1311 1749 quod,
1333 1714 1452 1749 quum

247 1752 420 1789 Siciliam
442 1765 618 1789 rccrcare
639 1753 933 1797 constituissent,
956 1759 1036 1788 tum
1057 1766 1096 1788 se
1126 1754 1363 1801 potissimum
1384 1753 1450 1789 (lu-

247 1817 332 1840 cem
363 1818 445 1841 esse
475 1806 696 1841 voluissent.
755 1805 865 1840 Nihil
897 1805 997 1841 enim
1031 1817 1159 1840 rerum
1193 1805 1451 1841 humanarum

246 1857 328 1892 sine
357 1857 514 1893 deorum
546 1858 702 1893 numine
736 1857 819 1906 geri
853 1857 1022 1905 putabat.
1078 1856 1210 1905 Itaque
1242 1869 1322 1893 suae
1352 1857 1451 1895 domi

246 1922 284 1944 sa
294 1908 433 1945 cellum
463 1910 695 1956 Αὐτοματίας
714 1909 973 1953 constituerat,
995 1909 1107 1957 idque
1132 1909 1370 1945 sanctissime
1391 1923 1448 1946 co-

246 1961 361 1997 lebat.

300 2013 350 2049 V.
381 2013 443 2050 Ad
466 2014 564 2050 hanc
584 2014 746 2050 hominis
759 2013 1014 2050 excellentem
1035 2013 1239 2050 bonitatem
1256 2014 1450 2050 mirabiles

247 2073 494 2102 accesserunt
533 2079 659 2102 casus.
729 2066 834 2102 Nam
869 2065 1005 2114 proelia
1037 2066 1204 2102 maxima
1237 2066 1357 2102 natali
1391 2066 1449 2102 die

246 2130 314 2154 suo
336 2117 425 2154 fecit
445 2119 593 2155 omnia:
623 2131 697 2167 quo
718 2118 862 2155 factum
883 2124 950 2162 est,
972 2124 1013 2154 ut
1046 2118 1130 2166 ejus
1149 2117 1250 2154 diem
1283 2118 1449 2155 natalem

248 2169 386 2206 festum
407 2171 563 2207 haberet
584 2173 763 2207 universa
783 2171 931 2206 Sicilia.
988 2169 1093 2206 Huic
1113 2170 1269 2218 quidam
1293 2170 1434 2207 Lames

246 2223 333 2267 tius,
355 2223 464 2260 homo
483 2223 660 2272 petulans
680 2229 716 2259 et
746 2223 931 2272 ingratus,
954 2222 1212 2258 vadimonium
1233 2235 1353 2271 quum
1373 2223 1449 2259 vel-

246 2275 297 2311 let
328 2276 533 2324 imponere,
568 2275 667 2324 quod
702 2288 792 2312 cum
826 2275 891 2310 illo
911 2288 950 2310 se
984 2274 1068 2323 lege
1098 2287 1213 2323 agere
1242 2275 1397 2319 diceret,
1414 2281 1450 2312 et

246 2328 463 2376 complures
483 2328 779 2371 concurrissent,
802 2327 867 2375 qui
897 2327 1168 2374 procacitatem
1189 2327 1351 2363 hominis
1371 2337 1448 2362 rna-

246 2380 358 2415 nibus
379 2384 557 2416 coercere
579 2386 809 2416 conarentur
826 2392 833 2415 ε
865 2378 1065 2415 Timoleon
1094 2379 1217 2415 oravit
1236 2391 1379 2422 omnes,
1400 2391 1448 2414 ne

246 2430 283 2466 id
304 2430 488 2468 facerent.
537 2431 718 2481 Namque
734 2431 771 2467 id
795 2438 835 2468 ut
854 2430 1049 2468 Lamestio
1069 2431 1281 2479 ceterisque
1301 2430 1446 2475 liceret,

244 2495 285 2520 se
306 2483 493 2521 maximos
512 2483 661 2521 labores
681 2496 908 2532 summaque
928 2482 1065 2519 adiisse
1091 2482 1278 2531 pericula.
1334 2481 1446 2520 Hane
