1651 2790
260 223 311 260 18
585 219 640 260 Π.
691 222 728 259 8.
779 219 1128 271 (Themistocles.)

259 318 471 354 moniorum
490 317 670 362 accessit,
685 330 806 366 penes
827 330 921 366 quos
943 330 1129 354 summum
1147 317 1195 353 im
1202 317 1348 365 perium
1367 326 1456 359 erat.

262 377 373 419 atque
394 370 493 419 apud
520 383 587 406 eos
619 370 824 415 contendit,
845 370 944 406 falsa
972 370 1033 406 his
1055 383 1144 406 esse
1165 370 1314 414 delata3
1343 382 1458 418 quare

262 435 408 471 aequum
424 435 526 467 esse,
542 422 630 458 illos
645 422 749 458 viros
769 423 888 459 bonos
904 423 1129 471 nobilesque
1145 422 1307 467 mittere,
1323 422 1459 471 quibus

260 475 357 512 fides
388 475 604 520 haberetur,
623 475 688 524 qui
718 487 799 511 rem
830 476 1094 523 explorarent,
1124 475 1271 511 interea
1297 487 1339 511 se
1360 474 1460 510 obsi-

212 553 215 555 >
262 528 349 564 dem
385 527 605 563 retinerent.
664 527 808 563 Gestus
844 535 902 563 est
936 528 972 564 ei
1009 540 1104 572 mos,
1138 535 1292 576 tresque
1330 527 1460 575 legati,

260 579 379 616 functi
399 579 556 616 summis
576 579 795 624 honoribus,
812 580 984 616 Athenas
999 580 1109 616 missi
1126 587 1224 616 sunt.
1283 580 1380 616 Cum
1399 579 1460 615 his

262 633 432 681 collegas
449 645 539 668 suos
556 632 843 668 Themistocles
859 632 976 681 jussit
994 632 1201 681 proficisci,
1219 632 1351 680 eisque
1367 644 1461 680 prae-

262 684 368 729 dixit,
387 692 427 720 ut
444 697 494 721 ne
514 684 619 733 prius
645 684 1023 721 Lacedaemoniorum
1048 685 1196 733 legatos
1218 684 1461 728 dimitterent,

261 750 373 786 quam
392 737 476 786 ipse
498 744 603 773 esset
621 737 820 773 remissus.
861 737 946 774 Hos
966 745 1166 786 postquam
1185 736 1357 773 Athenas
1377 748 1462 784 per-

260 790 416 826 venisse
436 797 538 826 ratus
560 796 630 834 est,
651 789 698 826 ad
722 789 983 838 magistratum
1002 797 1250 837 senatumque
1279 788 1462 825 Lacedae-

260 841 473 878 moniorum
506 842 609 886 adiit,
630 849 668 878 et
697 820 808 890 apud0
823 855 890 878 eos
923 842 1116 878 liberrime
1144 841 1344 900 professus
1377 847 1459 877 est:

261 894 523 931 Athenienses
550 907 618 930 suo
640 895 815 940 consilio,
835 894 935 943 quod
964 895 1154 930 communi
1177 895 1263 943 jure
1293 893 1462 942 gentium

261 946 389 984 iacere
403 954 574 996 possent,
587 947 681 983 deos
694 948 881 995 publicos,
895 959 1061 996 suosque
1074 947 1217 995 patrios
1232 959 1276 982 ac
1289 953 1461 995 penateS‚

261 1011 334 1048 quo
355 999 507 1036 facilius
525 1001 569 1036 ab
589 999 699 1036 hoste
720 1007 880 1048 possent
896 999 1117 1044 defendere,
1130 999 1246 1035 muris
1264 999 1460 1048 sepsisse·
1453 1027 1461 1043 ,

260 1065 386 1101 neque
406 1052 447 1088 in
468 1064 526 1097 eo,
547 1052 647 1101 quod
669 1052 803 1088 inutile
824 1059 930 1088 esset
952 1051 1126 1097 Graeciae,
1146 1051 1306 1088 fecisse.
1361 1051 1462 1088 Nam

261 1104 413 1140 illorum
441 1106 573 1141 urbem
602 1111 643 1140 ut
671 1105 999 1153 propugnaculum
1017 1104 1234 1153 oppositum
1261 1116 1350 1140 esse
1380 1104 1463 1140 bar-

260 1157 376 1201 baris,
397 1157 496 1206 apud
515 1169 628 1206 quam
651 1158 730 1206 jam
749 1157 808 1193 bis
831 1158 980 1193 classes
1001 1157 1128 1205 regias
1150 1156 1294 1193 fecisse
1314 1156 1464 1192 naufra-

263 1208 378 1257 gium.
436 1209 752 1246 Lacedaemonios
787 1217 913 1246 autem
941 1210 1042 1246 male
1074 1216 1112 1245 et
1142 1209 1282 1258 injuste
1320 1208 1463 1253 facere,

261 1261 325 1310 qui
358 1261 397 1297 id
429 1262 555 1310 potius
590 1262 836 1307 intuerentur,
871 1262 971 1310 quod
1003 1262 1174 1310 ipsorum
1204 1261 1465 1303 dominationi,

261 1326 374 1362 quam
407 1314 507 1363 quod
538 1314 730 1350 universae
766 1314 928 1351 Graeciae
957 1315 1050 1350 utile
1086 1321 1203 1350 esset.
1259 1314 1403 1359 Quare,
1431 1313 1464 1349 si

263 1378 352 1402 suos
372 1367 520 1415 legatos
541 1366 716 1415 recipere
734 1367 890 1412 vellent,
906 1379 1000 1416 quos
1018 1367 1190 1403 Athenas
1210 1366 1404 1411 miserant,
1421 1378 1464 1402 se

261 1419 507 1463 remitterent,
529 1419 638 1455 aliter
658 1419 745 1455 illos
765 1432 970 1468 numquam
990 1419 1030 1455 in
1052 1419 1213 1468 patriam
1231 1419 1437 1466 recepturi.

315 1471 429 1508 VIII.
459 1472 609 1508 Tamen
641 1484 718 1508 non
750 1471 884 1520 effugit
915 1472 1055 1507 civium
1086 1483 1240 1507 suorum
1268 1469 1464 1507 invidiam.

263 1523 437 1572 Namque
458 1525 505 1560 ob
527 1523 703 1560 eumdem
731 1524 918 1569 timorem,
939 1536 1012 1572 quo
1039 1523 1237 1560 damnatus
1267 1530 1348 1560 erat
1375 1523 1466 1560 Mil-

263 1575 399 1621 tiades,
436 1584 620 1612 testarum
657 1576 851 1625 suffragiis
891 1589 911 1612 e
952 1576 1104 1612 civitate
1144 1576 1305 1624 ejectus,
1339 1576 1465 1623 Argos

262 1627 470 1664 habitatum
501 1629 708 1664 concessit.
766 1629 844 1664 Hic
875 1641 992 1677 quum
1026 1635 1180 1675 propter
1211 1627 1349 1663 multas
1381 1628 1465 1675 ejus

262 1680 421 1716 virtutes
458 1693 597 1728 magna
635 1692 722 1715 cum
759 1678 943 1728 dignitate
979 1679 1140 1724 viveret,
1180 1679 1464 1716 Lacedaemonii

262 1733 411 1781 legatos
425 1732 598 1768 Athenas
618 1732 815 1777 miserunt,
828 1732 892 1779 qui
909 1744 995 1767 eum
1011 1732 1210 1767 absentem
1225 1739 1465 1776 accusarent,

264 1784 365 1833 quod
384 1784 609 1820 societatem
625 1796 711 1819 cum
725 1796 817 1832 rege
839 1784 1045 1820 Persarum
1060 1783 1108 1819 ad
1130 1783 1321 1820 Graeciam
1340 1784 1465 1832 oppri-

265 1837 443 1873 mendam
478 1836 652 1872 fecisset.
726 1835 815 1872 Hoc
854 1835 1012 1872 crimine
1052 1837 1192 1872 absens
1239 1836 1465 1884 proditionis

293 1906 343 1930 475
424 1895 484 1925 est
514 1888 723 1924 damnatus.
780 1888 826 1924 Id
861 1895 902 1923 ut
934 1888 1089 1933 audivit,
1120 1888 1221 1936 quod
1255 1900 1333 1924 non
1371 1889 1465 1925 satis

263 1939 372 1964 a.c.n.
423 1948 543 1977 tutum
572 1953 615 1977 se
642 1940 757 1989 Argis
787 1940 954 1985 videbat,
988 1940 1196 1987 Corcfi’ram
1226 1941 1464 1989 demigravit.

266 1993 326 2031 Ibi
345 2005 458 2041 quum
478 1994 560 2042 ejus
580 1992 775 2041 principes
793 1992 957 2028 civitatis
974 1992 1305 2029 animadvertisset
1318 1994 1466 2038 timere,

265 2058 315 2082 ne
340 2053 492 2094 propter
511 2058 554 2081 se
581 2045 723 2081 bellum
749 2044 811 2080 his
841 2044 1127 2081 Lacedaemonii
1147 2052 1186 2081 et
1204 2045 1465 2082 Athenienses

266 2098 503 2134 indicerent:
563 2097 612 2133 ad
650 2097 863 2141 Admetum,
903 2097 1161 2133 Molossorum
1197 2110 1341 2146 regem,
1381 2111 1466 2135 cum

267 2162 340 2200 quo
361 2149 398 2186 ei
418 2149 626 2198 hospitium
643 2149 778 2194 fuerat,
800 2148 983 2197 confugit.
1035 2149 1125 2186 Huc
1145 2163 1260 2198 quum
1277 2151 1465 2196 venisset,

268 2210 307 2239 et
325 2203 365 2239 in
394 2201 598 2251 praesentia
627 2214 696 2238 rex
727 2202 893 2247 abesset,
925 2213 998 2250 quo
1028 2202 1172 2251 majore
1203 2203 1390 2252 religione
1422 2216 1465 2239 se

267 2262 464 2304 receptum
481 2261 660 2298 tueretur,
680 2253 798 2290 filiam
817 2254 899 2302 ejus
919 2254 1115 2302 parvulam
1134 2255 1301 2304 arripuit,
1323 2263 1361 2292 et
1380 2268 1466 2292 cum

269 2320 316 2343 ea
341 2320 384 2343 se
413 2308 453 2344 in
483 2306 702 2351 sacrarium,
722 2306 822 2355 quod
854 2318 1000 2342 summa
1021 2307 1215 2343 colebatur
1235 2308 1465 2353 caerimonia,

270 2360 446 2408 conjecit.
504 2359 599 2396 Inde
627 2370 703 2394 non
731 2358 835 2406 prius
866 2370 1046 2406 egressus
1068 2366 1138 2405 est,
1159 2373 1271 2408 quam
1289 2372 1359 2396 rex
1379 2372 1465 2395 eum

270 2411 356 2447 data
387 2411 518 2447 dextra
547 2412 587 2447 in
615 2411 731 2447 fidem
758 2410 962 2458 reciperet,
982 2424 1094 2459 quam
1121 2412 1309 2460 praestitit.
1365 2411 1465 2448 Nam

269 2476 383 2512 quum
409 2464 454 2500 ab
481 2463 783 2499 Atheniensibus
806 2469 843 2498 et
866 2462 1172 2500 Lacedaemoniis
1194 2471 1463 2512 exposceretul

269 2516 434 2563 publice,
455 2515 668 2563 supplicem
700 2527 776 2551 non
807 2515 982 2563 prodidit,
1011 2516 1242 2564 monuitque,
1262 2525 1301 2552 ut
1329 2528 1450 2553 ‹eonsu
