1651 2790
167 2383 188 2417 m—

227 231 281 269 96
415 226 578 269 XXIV.
643 234 675 278 1,
697 234 735 270 2.
800 228 880 283 (M.
903 229 1079 272 Portzus
1105 231 1242 283 Cato.)

235 528 462 575 XXIV
558 529 639 577 M,
697 529 1100 577 PORTIUS
1158 529 1402 578 CATO

275 752 305 789 Ι.
342 753 444 797 Cato,
465 758 566 789 orcus
586 755 782 801 municipio
816 751 987 797 Tusculo,
1011 752 1332 797 adolescentulus,
1355 753 1426 802 pri-

223 817 386 853 usquam
406 806 612 842 honoribus
625 818 780 855 operam
797 805 915 849 daret,
933 813 1109 842 vc-rsatus
1125 813 1182 842 est
1203 806 1241 842 in
1261 805 1426 850 Sabinis,

219 857 321 906 quod
341 858 393 894 ibi
414 859 614 895 heredium
637 871 658 894 a
687 865 793 907 patre
821 858 998 894 relictum
1027 858 1204 895 habebat.
1261 858 1427 895 Hortatu

221 909 268 947 L.
292 910 444 947 Valerii
478 911 626 954 Flacci,
647 923 762 960 quem
783 912 821 946 in
852 911 1059 947 consulatu
1089 923 1331 960 censuraque
1361 911 1425 947 ha-

221 963 302 999 buit
323 963 525 1013 collegam,
544 971 584 1000 ut
607 963 659 999 M.
682 963 876 1012 Perperna
895 963 1101 999 Censorius
1121 976 1279 999 narrare
1293 963 1427 999 solitus

220 1022 286 1058 est,
310 1015 472 1052 Romam
493 1016 732 1066 demigravit,
754 1017 793 1051 in
811 1014 967 1064 foroque
988 1029 1070 1051 esse
1093 1017 1221 1065 ccepit.
1254 1015 1425 1052 Primum

219 1067 450 1116 stipendium
471 1070 610 1105 meruit
645 1081 830 1104 annorum
859 1068 992 1104 decem
1022 1076 1256 1117 septemque,
1278 1068 1328 1110 Q.
1352 1068 1424 1104 Fa-

221 1120 292 1165 bio,
316 1120 367 1158 M.
389 1120 552 1158 Claudio
581 1121 825 1158 Consulibus.
885 1120 1084 1156 Tribunus
1104 1121 1268 1157 militum
1297 1122 1337 1156 in
1366 1120 1423 1156 Si-

219 1173 311 1209 cilia
332 1173 415 1210 fuit.
474 1174 566 1210 Inde
588 1181 629 1210 ut
657 1174 778 1217 rediit,
801 1179 927 1209 castra
947 1179 1102 1210 secutus
1122 1180 1176 1210 est
1206 1173 1249 1209 C.
1271 1173 1424 1210 Claudii

219 1225 400 1270 Neronis,
423 1227 630 1276 magnique
658 1238 772 1274 opera
792 1226 876 1273 ejus
897 1226 1112 1262 existimata
1132 1232 1188 1262 est
1221 1226 1259 1262 in
1288 1226 1424 1274 proelio

219 1278 320 1326 apud
340 1278 493 1323 Senam,
515 1291 589 1327 quo
609 1279 748 1315 cecidit
777 1277 1008 1322 Hasdrubal,
1031 1277 1148 1314 frater
1177 1277 1420 1314 Hannibalis.

219 1330 397 1372 Quaestor
416 1331 548 1381 obtigit
568 1331 612 1367 P.
633 1330 832 1375 Africano,
855 1331 1016 1375 consuli,
1038 1343 1127 1366 cum
1158 1343 1232 1378 quo
1252 1343 1326 1366 non
1356 1343 1423 1379 pro

218 1384 328 1419 sortis
348 1383 628 1420 necessitudine
650 1384 766 1420 vixit:
797 1395 963 1431 namque
995 1383 1042 1419 ab
1062 1395 1106 1419 eo
1135 1390 1318 1431 perpetua
1349 1383 1422 1419 dis-

218 1436 335 1472 sensit
364 1437 453 1472 vita.
510 1436 650 1473 AEdilis
684 1435 805 1485 plebis
838 1434 961 1471 factus
992 1442 1049 1472 est
1082 1448 1171 1471 cum
1200 1436 1244 1471 C.
1268 1434 1419 1472 Helvio.

218 1487 361 1524 Praetor
389 1489 625 1537 provinciam
645 1489 806 1525 obtinuit
826 1487 1055 1532 Sardiniam,
1077 1500 1125 1524 ex
1153 1500 1229 1535 qua
1255 1495 1421 1536 quaestor

217 1541 412 1589 superiore
458 1548 625 1590 tempore
672 1554 719 1577 ex
758 1540 898 1577 Africa
931 1540 1118 1577 decedens
1157 1540 1207 1582 Q.
1248 1539 1419 1576 Ennium

217 1599 364 1642 poetam
380 1593 609 1630 deduxerat:
639 1594 738 1642 quod
755 1606 828 1630 non
843 1593 999 1629 minoris
1015 1593 1288 1638 existimamus,
1303 1605 1418 1641 quam

216 1646 424 1694 quemlibet
446 1646 725 1696 amplissimum
745 1645 1029 1682 Sardiniensem
1052 1646 1297 1694 triumphum.

269 1697 318 1734 Il.
350 1698 601 1735 Consulatum
629 1699 746 1747 gessit
766 1711 856 1734 cum
885 1697 932 1734 L.
955 1697 1113 1734 Valerio
1142 1698 1297 1742 Flacco,
1319 1707 1416 1733 sorte

218 1751 454 1798 provinciam
475 1759 611 1787 nactus
641 1751 869 1798 Hispaniam
890 1751 1120 1794 citeriorem,
1143 1762 1266 1798 exque
1288 1763 1333 1785 ea
1353 1751 1415 1785 tri-

219 1803 402 1850 umphum
425 1803 648 1851 deportavit.
707 1802 763 1838 lbi
797 1815 916 1850 quum
951 1802 1093 1838 diutius
1125 1809 1348 1845 moraretur,
1372 1801 1413 1837 P.

217 1854 345 1902 Scipio
366 1854 590 1899 Africanus,
613 1855 755 1891 Consul
776 1855 928 1898 iterum,
951 1854 1063 1902 cujus
1084 1855 1121 1889 in
1147 1855 1260 1902 priori
1281 1866 1414 1891 consu-

215 1907 295 1943 latu
316 1916 479 1954 quaestor
500 1906 635 1951 fuerat,
658 1906 777 1942 voluit
806 1919 894 1942 eum
921 1906 966 1942 de
987 1906 1183 1954 provincia
1211 1907 1414 1955 depellere,

215 1967 252 1996 et
272 1959 350 2008 ipse
371 1960 405 1995 ei
435 1959 657 1996 succedere.
717 1959 855 2007 Neque
886 1959 955 1994 hoc
983 1971 1050 2007 per
1070 1966 1244 1994 senatum
1264 1959 1415 1996 efficere

216 2012 344 2061 potuit,
367 2024 486 2060 quum
507 2012 659 2060 quidem
688 2011 816 2060 Scipio
835 2012 873 2046 in
895 2012 1047 2047 civitate
1077 2012 1330 2060 principatum
1351 2013 1414 2049 ob-

215 2065 375 2101 tineret:
405 2064 502 2113 quod
524 2071 604 2101 tum
625 2077 698 2100 non
720 2065 895 2113 potentia,
917 2064 981 2100 sed
1011 2064 1099 2112 jure
1117 2064 1332 2112 respublica
1353 2064 1414 2101 ad-

216 2117 514 2153 ministrabatur.
590 2116 680 2158 Qua
708 2129 756 2153 ex
788 2129 828 2153 rc
861 2117 981 2153 iratus
1019 2117 1180 2160 senatui,
1216 2116 1415 2153 consulatu

218 2176 380 2218 peracto,
403 2170 572 2218 privatus
592 2170 629 2205 in
652 2169 744 2206 urbe
766 2169 915 2205 mansit.
975 2169 1028 2205 At
1048 2168 1152 2213 Cato,
1175 2181 1308 2205 censor
1327 2182 1416 2205 cum

216 2222 348 2258 eodem
365 2222 508 2258 Flacco
528 2222 664 2265 factus,
686 2234 819 2258 severe
841 2220 993 2270 praefuit
1013 2222 1048 2258 ei
1069 2222 1255 2270 potestati.
1313 2221 1417 2258 Nam

217 2282 253 2311 et
282 2276 319 2310 in
341 2274 557 2322 complures
576 2275 722 2311 nobiles
743 2274 1021 2318 animadvertit,
1043 2280 1080 2310 et
1112 2274 1253 2310 multas
1274 2287 1334 2311 res
1353 2287 1416 2310 no-

217 2339 283 2363 vas
314 2328 351 2363 in
384 2327 552 2363 edictum
586 2326 738 2372 addidit,
771 2339 847 2374 qua
880 2339 920 2363 re
949 2327 1103 2362 luxuria
1133 2326 1415 2375 reprimeretur,

217 2392 303 2427 quae
318 2380 397 2427 jam
418 2386 498 2415 tum
519 2380 725 2428 incipiebat
754 2379 960 2428 pullulare.
1018 2379 1199 2428 [Circiter
1218 2390 1336 2415 annos
1356 2391 1416 2414 oc-

218 2432 392 2481 toginta]
437 2432 567 2480 Usque
589 2432 635 2468 ad
655 2438 865 2469 extremam
886 2438 1036 2468 aetatem
1070 2432 1116 2467 ab
1149 2430 1416 2475 adolescentia,

219 2484 440 2532 reipublicae
461 2497 580 2521 causa
606 2485 802 2535 suscipere
826 2484 1048 2521 inimicitias
1071 2496 1145 2520 non
1170 2482 1323 2519 destitit.
1380 2482 1415 2519 A
