1651 2790
551 223 670 265 XXI.
735 230 767 265 1.
833 224 916 279 (De
934 224 1149 278 Regibus.)
1396 232 1451 269 85

247 327 349 363 enim
369 326 537 375 speciem
568 326 753 363 libertatis
774 340 869 372 esse,
891 327 923 364 si
956 328 1143 373 omnibus,
1164 329 1262 377 quod
1291 331 1452 379 quisque

247 379 374 424 vellet,
410 379 561 428 legibus
594 380 759 428 experiri
791 380 939 416 1109191.
997 379 1114 425 Ι(10111,
1149 394 1267 429 quum
1296 383 1449 431 quidam

246 430 433 468 Lamestii
448 410 615 477 C>similis,
636 433 788 469 nomine
821 431 1112 477 Demaenetus,
1102 446 1140 468 111
1173 436 1353 471 concione
1389 448 1449 484 po-

245 484 326 533 puli
360 484 405 521 dc
436 484 550 521 rebus
582 485 700 534 gestis
728 485 812 533 ejus
843 485 1041 521 detrahere
1071 486 1260 534 coepissct,
1283 499 1329 523 ac
1361 500 1449 523 non-

243 536 353 573 nulla
372 536 621 573 inveheretur
649 538 687 573 in
710 537 962 581 Timoleonta,
984 537 1090 582 dixit,
1112 550 1215 574 nunc
1236 539 1389 575 demum
1410 553 1449 576 se

243 590 320 626 voti
340 602 423 626 esse
443 589 680 626 damnatum.
738 590 920 639 Namque
949 590 1020 626 hoc
1041 603 1063 626 a
1083 589 1154 626 diis
1174 591 1449 628 imnioltalibus

243 654 393 691 semper
413 648 625 691 precatum,
649 650 688 679 ut
709 642 824 679 talem
845 643 1059 679 libeltatem
1087 651 1177 679 rest
1169 644 1303 680 ''tucict
1334 644 1387 693 S)
1393 657 1447 680 ra-

243 695 412 738 cusanis,
435 695 473 730 in
494 707 570 743 qua
591 695 716 732 cuivis
737 695 881 740 1109191,
903 695 948 732 (19
977 708 1052 744 quo
1073 695 1198 740 vellet,
1220 697 1376 745 impune
1397 697 1448 732 (11

243 759 344 783 cer.e
402 746 480 783 Hic
513 759 633 796 quun]
665 748 764 784 diem
798 761 1021 798 supremum
1055 748 1219 792 obiisset,
1242 749 1392 797 publice
1427 763 1447 785 a

243 797 503 846 Syracusanis
532 801 571 836 in
590 802 804 850 gymnasio,
827 800 925 850 quod
956 776 1263 837 Timoleonteum
1284 802 1446 851 appella-

242 857 316 896 tur,
338 859 414 889 tota
433 853 564 889 celeb]
567 861 653 890 ante
674 853 819 898 Sicilia,
842 854 1014 902 sepultus
1034 862 1102 890 est.

418 1122 605 1170 XXI.
677 1122 785 1170 DE
837 1122 1265 1171 REGIBUS.

292 1321 322 1358 I.
354 1321 407 1358 Hi
429 1321 507 1358 fere
530 1321 685 1358 fuerunt
706 1321 869 1358 Graeciae
887 1322 1012 1370 gentis
1032 1321 1161 1367 duces,
1176 1323 1242 1371 qui
1263 1325 1445 1360 memoria

240 1373 345 1422 digni
365 1373 764 1423 videbantu1,praete1
793 1386 916 1423 leges.
974 1374 1154 1434 Namque
1175 1388 1240 1412 eos
1260 1377 1444 1426 attingeie

240 1426 445 1470 noluimus,
462 1425 560 1474 quod
581 1427 750 1462 omnium
773 1438 833 1462 ies
848 1434 965 1475 gestae
980 1428 1184 1475 separatim
1199 1429 1442 1465 suntielatae.

240 1477 379 1526 Neque
400 1485 526 1514 tamen
556 1478 594 1513 hi
615 1478 818 1514 admodum
838 1485 925 1515 sunt
947 1479 1069 1515 multi.
1127 1479 1444 1517 Lacedaemonius

241 1536 367 1566 autem
390 1530 600 1579 Agesilaus
620 1531 783 1574 nomine,
805 1543 878 1566 non
908 1537 1099 1579 potestate,
1122 1531 1192 1568 suit
1221 1544 1312 1578 rex3
1345 1533 1442 1570 sicut

239 1583 358 1619 ceteri
393 1581 584 1631 Spartani.
643 1582 703 1618 Ex
725 1583 784 1618 his
805 1595 906 1627 vero,
928 1584 994 1631 qui
1022 1583 1254 1620 dominatum
1284 1585 1444 1633 imperio

239 1641 456 1679 tenuerunt,
495 1635 806 1671 excellentissimi
841 1634 1007 1680 fuerunt,
1041 1642 1080 1671 ut
1114 1648 1182 1672 nos
1209 1635 1442 1684 judicamus,

239 1687 441 1723 Persarum
476 1686 605 1734 Cyrus
634 1693 671 1724 et
697 1686 852 1731 Darius,
887 1687 1091 1736 Hystaspis
1125 1688 1250 1725 filius:
1280 1701 1442 1737 quorum

240 1746 400 1788 uterque
427 1740 601 1776 ¹arivatus
632 1740 772 1776 virtute
807 1751 969 1789 regnum
1003 1747 1059 1776 est
1091 1740 1262 1789 adeptus.
1337 1741 1443 1778 Prior

238 1791 373 1828 horum
395 1791 495 1841 apud
528 1791 767 1841 Massagetas
797 1793 836 1828 in
868 1793 1002 1841 proelio
1027 1792 1190 1838 cecidit3
1223 1792 1367 1830 Darius
1386 1808 1441 1830 se-

238 1850 392 1880 nectute
431 1844 531 1880 diem
569 1845 660 1881 obiit
698 1857 934 1894 supremum.
1009 1844 1108 1881 Tres
1138 1851 1226 1881 sunt
1260 1853 1442 1895 praeterea

237 1896 411 1945 ejusdem
431 1898 595 1946 generis,
618 1897 777 1942 Xerxes,
799 1903 836 1933 et
855 1897 929 1934 duo
950 1897 1200 1942 Artaxerxes,
1224 1897 1442 1935 Macrochir

238 1956 275 1985 et
295 1948 488 1985 Mnemon.
548 1950 668 1986 Xerxi
688 1950 855 1986 maxime
875 1957 930 1986 est
950 1950 1111 1993 illustre,
1137 1949 1235 1998 quod
1266 1952 1443 1988 maximis

238 2008 318 2050 post
338 2002 533 2038 hominum
554 2002 776 2038 memoriam
797 2003 1028 2039 exercitibus
1047 2009 1148 2039 terra
1168 2003 1343 2052 marique
1365 2004 1440 2040 bel-

237 2053 318 2089 lum
348 2053 475 2090 intulit
504 2054 679 2090 Graeciae.
737 2055 792 2091 At
826 2054 1043 2091 Macrochir
1063 2055 1295 2103 praecipuam
1328 2056 1441 2092 habet

237 2105 391 2142 laudem
422 2107 666 2155 amplissimae
704 2107 1051 2156 pulcherrimaeque
1090 2107 1258 2154 corporis
1290 2107 1438 2144 formae:

238 2169 353 2204 quam
384 2158 598 2195 incredibili
628 2159 780 2195 ornavit
818 2159 958 2196 virtute
1000 2159 1100 2195 belli.
1158 2158 1339 2207 Namque
1377 2160 1441 2196 illo

238 2208 374 2246 Perses
394 2222 505 2246 nemo
525 2210 596 2247 fuit
616 2223 732 2247 manu
755 2210 898 2248 fortior.
938 2211 1118 2248 Mnemon
1139 2218 1268 2246 autem
1284 2212 1442 2260 justitiae

241 2259 341 2297 fama
361 2262 499 2298 floruit.
555 2262 659 2298 Nam
685 2276 803 2311 quum
825 2265 957 2300 matris
988 2275 1068 2300 suae
1087 2262 1233 2299 scelere
1254 2264 1441 2300 amisisset

238 2325 409 2357 uxorem,
431 2320 578 2349 tantum
598 2314 755 2351 indulsit
775 2315 906 2360 dolori,
930 2323 971 2352 ut
1004 2328 1092 2352 eum
1114 2316 1235 2363 pietas
1255 2316 1438 2354 vinceretc

237 2365 300 2401 Ex
321 2366 379 2402 his
399 2365 472 2401 duo
492 2365 624 2401 eodem
644 2367 795 2402 nomine
815 2369 944 2404 morbo
963 2375 1111 2403 naturae
1130 2367 1298 2403 debitum
1319 2368 1439 2405 reddi-

238 2416 397 2454 derunt:
427 2417 561 2454 tertius
579 2417 626 2454 ab
653 2418 851 2455 Artabano
885 2419 1064 2468 praefecto
1096 2418 1196 2456 ferro
1215 2419 1439 2458 interemtus

237 2475 307 2506 est.

861 2519 884 2552 8

1481 386 1502 419 3

1469 2372 1491 2406 em
