1651 2790
273 266 322 303 14
602 260 642 300 Il
711 265 743 299 l.
793 259 1136 310 (Themistocles.)

274 360 476 403 sclumanz,
497 369 653 404 eamque
681 364 907 405 potestatem
934 356 1100 393 bonitate
1120 356 1318 392 retinebat.
1376 355 1459 391 Om⁴

272 424 343 448 nes
364 417 488 446 autem
507 415 543 445 et
562 409 745 445 habentur
766 416 803 445 et
821 409 995 445 dicuntur
1012 408 1173 456 tyranni,
1193 407 1256 456 qui
1275 413 1461 456 potestate

274 469 360 499 sunt
377 468 559 510 perpetua
577 461 617 496 in
638 473 684 496 ea
704 461 868 505 civitate,
889 473 971 508 quae
990 461 1162 497 libertate
1182 473 1252 496 usa
1272 467 1343 496 est.
1384 459 1462 496 Sed

272 516 312 551 in
331 512 506 550 Miltiade
523 519 602 548 erat
621 525 734 560 quum
749 525 894 548 summa
912 512 1138 557 humanitas,
1154 519 1232 548 tum
1249 511 1344 547 mira
1363 523 1462 547 com-

272 565 469 609 munitas,*
488 571 528 600 ut
547 576 659 600 nemo
685 572 762 600 tam
788 563 942 600 humilis
972 571 1088 608 esset,
1110 564 1171 600 cui
1197 575 1275 599 non
1302 563 1350 599 ad
1378 575 1462 599 eum

273 618 395 653 aditus
423 622 592 664 pateret;
621 628 758 664 magna
778 616 981 652 auctoritas
1002 616 1100 664 apud
1122 628 1254 652 omnes
1275 615 1462 658 civitates,

271 669 398 706 nobile
417 680 568 712 nomen,
588 668 670 704 laus
691 668 747 703 rei
766 668 938 704 militaris
958 668 1135 704 maxima.
1186 667 1281 704 Haec
1301 667 1462 715 populus

271 720 485 769 respiciens
505 720 636 756 maluit
655 732 742 755 euin
761 720 955 756 innoxium
980 719 1108 768 plecti,
1129 732 1240 767 quam
1259 732 1302 755 se
1323 718 1462 754 diutius

272 785 361 809 esse
381 784 421 808 in
440 779 585 808 timore.

349 942 430 989 II.
494 942 1328 991 THEMISTOCLES.

638 1097 1047 1158 ARGUMEB'JTUM.

278 1216 403 1253 CAP.
420 1216 453 1252 I.
475 1216 698 1253 Adolescens
711 1217 858 1253 libertus
870 1218 971 1253 vivit.
999 1218 1255 1254 Exheredatus
1266 1219 1464 1268 rezpubl.se

325 1269 434 1305 dedit.
492 1268 547 1304 II.
583 1269 720 1305 Clarus
744 1269 931 1318 Corcyraeo
952 1277 985 1305 et
1010 1269 1162 1306 Persico
1189 1271 1289 1307 bello.
1346 1271 1464 1307 Inter-

279 1343 282 1345 -
319 1328 488 1370 pretatur
506 1321 688 1357 oraculum
707 1321 748 1356 cle
767 1323 882 1357 murts
910 1322 1042 1370 lignem
1063 1323 1099 1358 in
1129 1323 1216 1358 bello
1243 1322 1396 1359 Persico
1420 1323 1465 1359 Il

325 1373 373 1408 ad
391 1373 588 1409 servandos
607 1387 726 1409 eorum
746 1375 852 1409 cives.
900 1373 981 1410 III.
1014 1374 1219 1410 Secundum
1232 1375 1398 1424 proelium
1417 1376 1465 1411 ad

324 1426 574 1461 Artemisium.
630 1425 703 1461 IV.
744 1425 838 1462 Dolo
871 1425 1031 1462 Xerxem
1064 1428 1175 1462 vincit
1207 1427 1319 1474 juxta
1355 1427 1464 1464 Sala-

324 1479 433 1513 mina.
488 1477 531 1512 V.
567 1478 710 1513 callido
724 1479 848 1513 nuntio
864 1477 1024 1513 Xeraeem
1040 1479 1180 1528 decipit,
1197 1492 1264 1527 quo
1285 1479 1464 1516 Graeciam

325 1529 463 1565 liberat.
526 1529 593 1565 VI.
623 1529 761 1565 Pz'roeez'
782 1537 927 1578 portum
956 1537 990 1566 et
1019 1544 1141 1566 muros
1159 1532 1387 1579 Athenarum
1406 1545 1463 1568 eoc-

324 1582 446 1617 struz't.
501 1581 765 1618 Lacedaemonii
782 1590 998 1631 repugnant.
1052 1582 1143 1618 VII.
1174 1582 1464 1620 Lacedaemom'os

324 1640 401 1669 arte
421 1633 569 1677 deludit,
589 1647 714 1681 eosque
733 1634 968 1682 reprehendit.
1030 1633 1145 1669 VIII.
1181 1634 1405 1671 Ostracismo
1424 1637 1462 1671 in

325 1685 490 1720 exsilium
515 1685 657 1732 ejectus,
678 1686 782 1720 varia
798 1684 902 1734 fuga
928 1686 1104 1733 agitatur.
1160 1685 1237 1721 IX.
1267 1687 1332 1722 Ad
1349 1688 1462 1722 Arta-

325 1749 465 1772 xerxem
491 1736 632 1772 litteras
651 1737 714 1771 dat
733 1737 867 1772 salutis
886 1750 1008 1772 causa.
1075 1736 1129 1772 Ῐζ.
1159 1737 1292 1774 sssultz's
1310 1741 1463 1775 muneri·

327 1788 393 1824 bus
412 1788 455 1823 ab
476 1801 513 1823 eo
533 1795 694 1823 ornatur.
749 1788 950 1837 Illagnesz'ae
971 1790 1131 1824 moritur.

326 1884 356 1920 I.
413 1882 708 1926 Themisfficles,
730 1882 869 1918 Ne6cli
889 1882 1002 1926 filius,
1023 1883 1287 1919 Atheniensis.
1336 1884 1461 1934 Hujus

275 1935 364 1971 vitia
379 1934 544 1970 ineuntis
562 1934 829 1970 adolescentiae
843 1947 991 1982 magnis
1008 1942 1094 1970 sunt
1111 1935 1308 1971 emendata
1320 1936 1461 1972 virtuti-

277 1998 355 2030 ms,
373 1987 467 2022 adeo
482 1994 521 2022 ut
537 1986 764 2022 anteferatur
778 1986 866 2022 huic
882 1999 1005 2030 nemo,
1021 1987 1133 2034 pauci
1147 1999 1259 2034 pares
1275 1996 1459 2035 putentur.

223 2051 228 2056 ·
277 2039 355 2074 sed
376 2039 420 2074 ab
440 2038 546 2074 initio
567 2045 625 2073 est
644 2038 877 2073 ordiendum.
918 2038 1032 2074 Pater
1053 2039 1134 2086 ejus
1155 2039 1326 2075 Nesscles
1347 2053 1460 2088 gene—

276 2104 382 2126 ·rvsus
404 2090 483 2126 fuit.
525 2090 564 2126 Is
583 2102 738 2125 uxorem
758 2089 1023 2125 Acharnanam
1043 2091 1166 2126 civem
1186 2090 1301 2135 duxit,
1323 2103 1371 2127 ex
1389 2105 1458 2139 qua

274 2154 383 2178 uatus
411 2149 470 2178 est
492 2141 789 2178 Themistocles.
847 2141 923 2182 Qui
953 2154 1065 2188 quum
1094 2142 1217 2178 minus
1247 2150 1351 2178 esset
1378 2156 1461 2191 pro-

274 2195 381 2230 batus
401 2193 630 2242 parentibus,
652 2193 750 2240 quod
775 2200 811 2229 et
836 2193 992 2228 liberius
1012 2193 1174 2237 vivebat,
1196 2201 1233 2229 et
1250 2206 1331 2230 rem
1356 2194 1462 2240 fami-

230 2254 231 2257 ’
274 2246 404 2282 liarem
425 2245 655 2294 negligebat,
677 2257 698 2279 a
725 2253 830 2292 patre
859 2244 1110 2280 exheredatus
1132 2253 1201 2280 est.
1259 2246 1354 2288 Quae
1374 2259 1462 2283 con-

275 2297 428 2333 tumelia
454 2309 530 2333 non
558 2297 669 2345 fregit
697 2309 794 2340 eum,
816 2296 884 2331 sed
914 2296 1046 2332 erexit.
1102 2297 1201 2332 Nam
1226 2310 1339 2345 quum
1361 2298 1461 2347 judi-

275 2356 415 2393 casset,
435 2349 518 2385 sine
541 2361 685 2384 summa
709 2347 894 2383 industria
916 2359 991 2383 non
1017 2360 1131 2395 posse
1153 2361 1237 2385 eam
1256 2349 1461 2397 exstingui,

275 2407 390 2437 totum
409 2413 451 2436 se
471 2400 615 2438 dedidit
634 2400 863 2448 reipublicae,
883 2399 1101 2447 diligentius
1122 2401 1255 2436 amicis
1281 2400 1461 2449 famaequo

721 2495 740 2514 ἕ
753 2493 815 2523 Ar,-
831 2493 970 2523 comitas
