1651 2790
483 238 618 279 XVII.
682 243 718 286 3,
739 243 778 278 4.
843 238 1115 291 (Ageszlccus.)
1344 242 1398 282 69

194 352 345 378 summa
365 339 438 377 fide
459 341 598 377 mansit
626 340 862 390 Agesilaus3
894 346 1028 376 contra
1048 352 1093 374 ea
1123 339 1401 388 Tissaphernes

193 393 288 429 nihil
310 393 426 438 aliud,
447 405 563 442 quam
587 393 730 429 bellum
751 392 999 440 comparavit.
1058 390 1098 427 Id
1128 392 1196 427 etsi
1217 392 1401 428 sentiebat

193 444 312 491 Laco,
333 451 461 482 tamen
489 445 762 494 jusjurandum
796 444 984 488 seivabat,
1015 443 1254 492 multumque
1287 445 1326 479 in
1357 457 1401 480 co

193 510 233 534 se
254 498 436 547 consequi
465 497 626 542 dicebat,
648 497 747 546 quod
777 496 1056 545 Tissaphernes
1090 495 1257 544 perjurio
1277 508 1345 532 suo
1365 503 1400 532 et

194 550 364 587 homines
383 550 462 587 suis
484 550 598 587 lebus
618 550 865 593 abalienaret,
896 555 932 585 et
965 548 1054 584 deos
1073 548 1145 583 sibi
1173 548 1288 583 iratos
1317 548 1400 583 red·

193 602 323 649 deret3
355 615 395 639 se
415 609 543 639 autem
564 609 790 639 conservata
823 601 1007 650 religione
1036 600 1264 637 confirmare
1294 611 1399 635 exer-

192 654 324 700 citum
345 667 466 704 quum
487 654 818 699 animadverteret,
847 653 1003 690 deorum
1031 664 1175 688 numen
1197 651 1323 688 facere
1344 664 1399 688 se-

192 719 294 751 cum,
333 707 579 756 hominesque
617 707 688 743 sibi
726 706 925 743 conciliari
964 705 1177 748 amiciores,
1207 703 1308 753 quod
1342 704 1400 740 his

192 758 345 795 studere
366 766 624 804 consuessent,
646 772 741 808 quos
761 770 988 796 conselvare
1009 757 1124 793 fidem
1144 756 1330 793 viderent.

245 810 314 848 ΙΙΙ.
345 811 549 860 Postquam
583 811 828 848 induciarum
859 810 1042 859 praeteriit
1075 809 1167 853 dies,
1201 809 1398 851 barbarus,

191 875 266 899 non
299 863 487 908 dubitans,
509 863 608 911 quod
648 864 768 913 ipsius
798 869 906 899 erant
939 862 1106 911 plurima
1139 861 1332 898 domicilia
1360 861 1397 895 in

191 914 318 960 Caria,
340 922 376 952 et
396 928 442 952 ea
463 917 568 965 regio
590 916 648 952 his
667 915 901 964 temporibus
921 914 1041 951 multo
1070 914 1269 962 putabatur
1296 913 1398 949 locu-

191 967 415 1017 pletissima,
438 981 482 1004 eo
502 969 739 1017 potissimum
769 968 895 1004 hostes
915 967 1098 1016 impetum
1121 965 1300 1009 facturos,
1322 978 1398 1001 om-

190 1031 259 1056 nes
277 1032 368 1056 suas
389 1021 516 1069 copias
537 1033 581 1057 eo
601 1026 857 1057 contraxerat.
915 1020 969 1056 At
989 1018 1198 1068 Agesilaus
1218 1019 1257 1054 in
1278 1018 1397 1066 Phry-

190 1072 295 1121 giam
310 1085 355 1109 se
376 1073 574 1117 convertit,
597 1085 759 1121 eamque
789 1073 895 1122 prius
923 1071 1174 1120 depopulatus
1194 1077 1261 1114 est,
1283 1083 1398 1119 quam

190 1124 470 1174 Tissaphernes
490 1137 654 1174 usquam
675 1138 714 1162 se
735 1131 917 1162 moveret.
977 1123 1121 1173 Magna
1150 1123 1278 1172 praeda
1298 1123 1394 1158 mili-

188 1177 290 1213 tibus
323 1177 575 1226 locupletatis,
616 1177 815 1227 Ephesum
850 1177 1060 1213 hiematum
1093 1176 1306 1212 exercitum
1341 1187 1397 1211 re-

189 1228 309 1274 duxit,
331 1236 444 1278 atque
473 1230 525 1266 ibi
553 1230 715 1267 officinis
736 1242 930 1266 armorum
958 1228 1149 1272 institutis,
1171 1240 1312 1277 magna
1344 1228 1397 1263 in-

188 1280 335 1318 dustria
355 1282 499 1319 bellum
520 1283 732 1331 apparavit.
764 1282 816 1319 Et
835 1294 909 1331 quo
929 1280 1134 1318 studiosius
1155 1287 1398 1316 armarentur

188 1333 453 1383 insigniusque
484 1341 724 1379 ornarentur,
755 1334 913 1383 praemia
943 1333 1147 1383 proposuit,
1169 1332 1308 1381 quibus
1336 1332 1397 1368 do-

188 1392 384 1430 narentur,
415 1398 579 1444 quorum
617 1387 775 1445 egregia
807 1387 847 1422 in
875 1399 922 1422 ea
955 1398 996 1422 re
1029 1385 1162 1421 fuisset
1194 1384 1394 1421 industria.

190 1435 300 1474 Fecit
319 1437 419 1473 idem
447 1438 487 1473 in
507 1439 825 1474 exercitationum
844 1438 1062 1487 generibus,
1085 1444 1137 1481 ut,
1159 1438 1225 1485 qui
1257 1437 1395 1473 ceteris

188 1490 460 1538 praestitissent,
482 1501 546 1526 eos
566 1491 716 1539 magnis
736 1489 907 1526 afficeret
936 1490 1171 1526 muneribus.
1229 1488 1302 1525 His
1328 1489 1395 1537 igi-

187 1548 251 1577 tur
271 1542 385 1578 rebus
405 1541 542 1586 effecit,
565 1548 606 1578 ut
627 1548 663 1578 01
682 1542 966 1578 ornatissimum
980 1548 1016 1578 et
1036 1541 1396 1577 exercitatissimum

186 1593 345 1630 haberet
379 1594 606 1630 exercitum.
665 1593 771 1631 Huic
801 1606 921 1643 quum
955 1600 1104 1642 tempus
1124 1601 1223 1629 esset
1257 1593 1394 1637 visum,

188 1646 317 1696 copias
337 1646 538 1682 extrahere
559 1659 606 1683 ex
627 1646 898 1691 hibernaculis,
921 1646 1025 1690 vidit,
1047 1646 1090 1689 si,
1113 1658 1188 1694 quo
1208 1651 1306 1681 esset
1326 1646 1397 1681 iter

187 1697 376 1743 facturus,
411 1697 538 1747 palam
576 1698 868 1748 pronuntiasset,
904 1698 1029 1734 hostes
1063 1710 1138 1733 non
1171 1697 1394 1742 credituros,

188 1750 360 1799 aliasque
381 1751 557 1800 regiones
578 1750 763 1799 praesidiis
775 1756 1042 1798 occupaturos,
1060 1762 1132 1786 nec
1145 1749 1394 1793 dubitaturos,

188 1803 295 1839 aliud
332 1815 415 1839 esse
446 1802 653 1847 facturum,
676 1815 721 1839 ac
757 1803 1050 1852 pronuntiasset.
1108 1801 1242 1850 Itaque
1275 1814 1394 1850 quum

186 1855 253 1891 ille
287 1854 442 1891 Sardeis
462 1855 609 1891 iturum
630 1868 670 1891 se
706 1855 874 1899 dixisset,
910 1854 1190 1903 Tissaphernes
1223 1854 1396 1890 eamdem

186 1906 342 1944 Cariam
361 1906 638 1943 defendendam
658 1908 817 1956 putavit.
865 1907 909 1944 In
929 1920 1003 1956 quo
1023 1919 1143 1955 quum
1163 1919 1252 1943 eum
1272 1907 1396 1955 opinio

188 1958 396 2003 fefellisset,
417 1960 640 2008 victumque
655 1972 695 1996 se
713 1959 867 1996 vidisset
882 1959 1065 2005 consili03
1097 1971 1182 1995 sero
1202 1959 1282 1995 suis
1302 1971 1394 2007 prae-

186 2011 282 2048 sidio
301 2011 493 2060 profectus
513 2018 583 2048 est.
640 2011 746 2048 Nam
765 2025 885 2061 quum
909 2012 975 2048 illo
996 2011 1172 2055 venisset,
1189 2010 1270 2058 jam
1291 2012 1394 2060 Age-

187 2063 320 2108 silaus,
341 2064 471 2100 1nultis
491 2064 586 2100 10015
605 2065 845 2113 expugnatis,
867 2076 1008 2113 magna
1028 2070 1109 2100 erat
1144 2063 1271 2112 praeda
1304 2064 1394 2111 poti-

186 2122 262 2152 tus.
319 2115 426 2153 Laco
455 2123 596 2161 autem,
617 2129 738 2165 quum
758 2117 915 2161 videret,
939 2117 1061 2152 hostes
1089 2116 1260 2164 equitatu
1285 2127 1394 2163 supe-

188 2176 286 2212 rare,
307 2180 518 2215 numquam
543 2169 583 2204 in
616 2180 752 2217 campo
784 2169 845 2205 sui
880 2169 970 2205 fecit
1002 2174 1237 2216 potestatam,
1268 2173 1304 2202 et
1336 2167 1395 2203 his

187 2218 282 2256 locis
301 2231 458 2255 manum
478 2221 682 2265 conseruit,
705 2222 846 2270 quibus
874 2221 960 2270 plus
980 2219 1172 2268 pedestres
1192 2219 1311 2267 copiae
1331 2231 1393 2255 va-

187 2271 324 2307 lerent.
383 2271 535 2319 Pepulit
569 2284 672 2321 ergO,
708 2274 1025 2321 quotiescumque
1059 2283 1291 2321 congressus
1325 2277 1392 2315 est,

187 2322 307 2359 multo
338 2323 504 2371 majores
539 2323 847 2360 adversariorum
878 2325 1019 2373 copiaS,
1055 2330 1092 2359 et
1130 2324 1185 2359 sic
1219 2323 1259 2358 in
1297 2323 1395 2359 Asia

187 2382 361 2412 versatus
382 2382 449 2419 est,
471 2382 512 2411 ut
532 2376 704 2412 omnium
723 2376 897 2424 opinione
918 2377 1039 2412 victor
1060 2375 1279 2411 duceretur.

240 2427 310 2464 IV.
340 2427 418 2464 Hic
450 2439 570 2476 quum
600 2427 682 2476 jam
703 2428 831 2463 animo
857 2427 1108 2464 meditaretur
1135 2427 1327 2476 proficisci
1353 2427 1393 2462 in

189 2478 338 2525 Persas,
358 2486 396 2517 et
424 2480 550 2530 ipsum
570 2491 702 2529 regem
731 2479 883 2524 adoriri,
904 2480 1062 2516 nuntius
1095 2480 1131 2515 ei
1162 2479 1272 2516 domo
1291 2479 1396 2516 venit

1427 1021 1450 1054 10
