1651 2790
164 695 179 729 ἱ

217 224 272 260 68
501 219 627 260 XVII
635 251 641 261 .
705 224 737 269 1,
759 225 797 261 2.
861 221 1134 275 (Agesilaus.)

393 486 618 534 XVII,
688 487 1234 536 AGESILAUS.

263 691 293 729 I.
325 692 542 741 Agesilaus,
564 690 875 738 Lacedoemonius,
897 706 1017 742 quum
1048 707 1070 730 a
1090 693 1229 730 ceteris
1263 694 1416 742 scripto.

211 745 328 789 ribus,
351 751 431 781 tum
453 745 592 781 eximie
614 758 636 781 a
674 745 921 795 Xenophonte
953 746 1148 782 Socratico
1177 745 1418 782 collaudatus

211 803 292 833 est:
323 809 367 833 eo
387 798 489 833 enim
512 809 604 833 usus
633 804 688 834 est
710 797 1021 834 familiarissime.
1079 798 1156 834 Hic
1186 798 1351 847 primum
1372 797 1417 834 de

210 861 327 898 regno
358 862 448 885 cum
482 849 732 897 Leotychide,
764 850 894 887 fratris
927 851 1018 894 filio,
1049 850 1183 886 habuit
1214 850 1417 886 contentio-

209 914 311 938 nem.
345 901 428 938 Mos
449 909 504 938 est
526 903 628 938 enim
650 915 671 938 a
692 902 899 950 majoribus
920 901 1225 939 Lacedaemoniis
1245 902 1416 946 traditus,

210 960 251 990 ut
284 954 379 990 duos
412 954 597 990 haberent
627 967 778 1003 semper
812 967 935 1004 ieges,
965 955 1116 990 nomine
1146 955 1280 1003 magis,
1302 966 1417 1013 quam

209 1006 379 1055 imperio,
401 1019 448 1042 ex
485 1006 635 1042 duabus
666 1005 821 1043 familiis
842 1006 967 1043 Procli
987 1013 1023 1043 et
1057 1006 1329 1055 Eurysthenis,
1351 1006 1416 1054 qui

209 1059 400 1108 principes
430 1071 477 1095 ex
498 1059 678 1107 progenie
709 1058 892 1095 Herculis
925 1059 1072 1107 Spartae
1101 1071 1211 1108 leges
1246 1058 1415 1094 fuerunt.

208 1110 360 1147 Ha1u1n
381 1123 429 1147 ex
450 1110 600 1147 011010
591 1123 630 1146 111
652 1111 812 1147 alterius
833 1110 990 1147 familiae
1009 1111 1136 1147 locum
1144 1089 1250 1146 ὃ11011
1270 1122 1342 1146 non
1372 1110 1416 1146 li-

209 1164 331 1200 cebat.
389 1163 526 1211 Itaque
562 1169 723 1211 utraque
745 1176 858 1200 suum
888 1163 1075 1200 retinebat
1094 1163 1278 1199 ordinem.
1336 1162 1415 1198 Pri-

208 1228 313 1251 mum
335 1216 429 1252 ratio
450 1215 673 1260 habebatur,
692 1216 757 1264 qui
778 1216 969 1252 maximus
989 1222 1081 1252 natu
1101 1222 1199 1251 esset
1219 1227 1266 1251 ex
1286 1214 1416 1250 liberis

208 1267 292 1315 ejus
311 1268 377 1316 qui
398 1279 564 1316 regnans
585 1267 823 1304 decessisset.
874 1268 942 1304 Sin
962 1268 994 1304 is
1015 1267 1165 1304 virilem
1186 1279 1320 1303 sexum
1340 1279 1415 1302 non

208 1319 436 1367 reliquisset,
458 1326 540 1355 tum
561 1319 812 1368 deligebatur,
834 1321 900 1369 qui
925 1321 1119 1369 proximus
1139 1326 1238 1356 esset
1267 1319 1414 1368 propin-

207 1372 364 1420 quitate.
423 1371 601 1408 Mortuus
621 1378 704 1408 erat
724 1372 822 1421 Agis
856 1385 935 1417 rex,
959 1371 1075 1408 frater
1106 1371 1293 1421 Agesilai.
1352 1371 1414 1407 Fi-

207 1424 303 1459 lium
344 1423 553 1472 reliquerat
592 1422 881 1472 Leotychidem,
917 1437 1031 1472 quem
1070 1424 1135 1460 ille
1174 1430 1307 1459 natum
1340 1435 1415 1459 non

207 1482 376 1524 agnorat,
398 1476 577 1512 eumdem
612 1477 777 1512 moriens
812 1489 925 1512 suum
960 1489 1043 1513 esse
1077 1476 1238 1512 dixerat.
1297 1475 1334 1512 Is
1368 1475 1414 1512 de

206 1528 346 1574 honore
367 1529 475 1577 regni
505 1541 595 1564 cum
615 1528 812 1577 Agesilao,
835 1541 903 1565 suo
936 1535 1082 1578 patruo,
1104 1528 1319 1564 contendit:
1349 1540 1413 1565 ne-

206 1593 279 1629 que
314 1580 363 1625 id,
385 1580 485 1629 quod
517 1581 660 1629 petivit,
683 1588 911 1618 consecutus
940 1588 1010 1617 est.
1068 1581 1173 1617 Nam
1209 1579 1413 1629 Lysandro

206 1632 456 1681 suffragante,
492 1633 656 1678 homine,
692 1639 733 1669 ut
766 1633 998 1669 ostendimus
1028 1645 1156 1682 supra,
1189 1631 1344 1669 factioso
1378 1638 1414 1669 e':

205 1685 264 1720 his
284 1685 515 1733 temporibus
536 1691 695 1733 potente,
719 1685 928 1734 Agesilaus
949 1685 1138 1721 antelatus
1158 1690 1227 1720 est.

257 1736 306 1773 II.
338 1737 415 1773 Hic
436 1737 667 1784 simulatque
701 1737 849 1785 imperii
879 1737 1017 1785 potitus
1037 1743 1104 1781 est,
1126 1736 1315 1785 persuasit
1335 1735 1409 1772 La-

204 1788 457 1832 cedaemoniis,
499 1795 539 1824 ut
571 1789 785 1825 exercitum
826 1790 1041 1825 emitterent
1073 1789 1112 1824 in
1151 1788 1299 1833 Asiam,
1335 1788 1411 1824 bel-

204 1840 361 1888 lumque
383 1841 465 1889 regi
487 1839 678 1877 facerent:
709 1840 860 1885 docens,
875 1841 994 1877 satius
1008 1853 1090 1877 esse
1111 1841 1149 1876 in
1171 1841 1279 1885 Asia,
1295 1852 1411 1888 quam

204 1893 243 1928 in
264 1892 421 1941 Europa
440 1893 628 1929 dimicari.
686 1892 866 1942 Namque
895 1892 997 1929 fama
1017 1893 1176 1937 exierat,
1199 1892 1410 1929 Artaxerx-

205 1957 265 1981 em
295 1957 517 1994 comparare
539 1945 682 1981 classes
717 1945 984 1994 pedestresque
1019 1945 1222 1989 exercitus,
1244 1957 1338 1993 quos
1372 1945 1411 1981 in

205 1996 397 2034 Graeciam
418 1998 595 2033 mitteret.
644 1996 745 2034 Data
765 2003 957 2046 potestate,
979 2004 1083 2033 tanta
1103 1997 1298 2033 celeritate
1319 2009 1411 2033 usus

203 2056 270 2095 est,
289 2056 329 2086 ut
349 2050 453 2098 prius
472 2050 511 2085 in
532 2050 669 2085 Asiam
690 2062 779 2086 cum
795 2050 912 2098 copiis
932 2050 1160 2098 pervenerit,
1178 2061 1293 2098 quam
1314 2049 1411 2098 regii

203 2109 365 2151 satrapae
395 2114 484 2138 eum
517 2102 658 2138 scirent
691 2101 916 2150 profectum.
975 2100 1062 2142 Quo
1098 2100 1242 2137 factum
1271 2108 1338 2145 est,
1370 2107 1410 2137 ut

203 2167 333 2191 omnes
371 2155 577 2202 imparatos
614 2153 947 2203 imprudentesque
985 2152 1205 2190 offenderet.
1282 2153 1322 2190 Id
1372 2159 1410 2189 ut

203 2207 380 2256 cognovit
401 2206 694 2255 Tissaphernes,
716 2207 782 2254 qui
803 2218 996 2242 summum
1017 2206 1221 2254 imperium
1242 2211 1323 2241 tum
1354 2206 1408 2241 in-

202 2265 260 2295 ter
281 2259 478 2307 praefectos
499 2258 662 2295 habebat
682 2259 818 2307 regios,
841 2258 1017 2294 inducias
1039 2271 1060 2293 a
1090 2257 1246 2294 Lacone
1265 2258 1407 2306 petivit,

202 2311 400 2355 simulans,
421 2323 462 2346 se
496 2310 587 2346 dare
616 2323 782 2359 operam,
805 2317 846 2346 ut
875 2309 1179 2346 Laoedaemoniis
1207 2322 1297 2345 oum
1318 2322 1407 2358 rege

202 2364 447 2408 conveniret3
493 2375 533 2398 re
569 2369 697 2398 autem
733 2374 823 2398 vera
858 2361 904 2397 ad
942 2363 1069 2421 copias
1107 2360 1406 2409 comparandas:

151 2415 175 2452 4
203 2427 343 2462 easque
377 2415 595 2463 impetravit
623 2415 846 2450 trimestres.
903 2413 924 2449 J
930 2415 1055 2450 uiavit
1084 2419 1212 2449 autem
1232 2418 1406 2460 uterque,

201 2478 244 2503 se
263 2466 344 2503 sine
365 2466 448 2503 dolo
468 2466 641 2504 inducias
662 2472 978 2503 conservafuvnm
1051 2465 1092 2488 Tu
1128 2470 1403 2490 nnnnnnnnnnnn
