1651 2790
650 229 704 269 X.
763 229 926 280 (Dion.)
1333 232 1380 268 ss

187 326 416 366 reficiendos
447 332 564 370 curat,
594 325 844 374 pecuniaeque
877 325 1148 373 quinquaginta
1176 333 1228 361 ta·
1295 343 1344 368 393

186 380 301 425 lenta,
321 392 402 428 quae
423 392 445 415 a
473 377 721 415 Pharnabazo
742 385 957 426 acceperat,
978 378 1125 414 civibus
1150 378 1229 414 suis
1264 383 1290 400 a·
1307 377 1338 401 C·
1357 383 1375 401 ¹¹

187 432 313 469 donat.

241 484 288 520 V.
336 483 490 520 Accidit
509 482 611 527 huie,
631 482 731 531 quod
750 482 890 519 ceteris
909 482 1142 526 mortalibus,
1162 489 1202 518 ut
1224 482 1391 520 inconsi-

187 535 351 573 deratior
387 536 427 572 in
460 535 642 579 secunda,
674 547 787 583 quam
823 535 863 571 in
896 534 1058 570 adversa
1091 541 1196 570 esset
1229 534 1389 571 fortuna.

187 588 288 625 Nam
308 589 435 625 classe
471 587 840 636 Peloponnesiorum
872 587 1024 623 devicta
1057 599 1170 635 quum
1202 586 1320 622 ultum
1347 600 1390 624 se

185 641 344 690 injurias
374 640 504 689 patriae
536 647 695 689 putaret,
714 640 822 688 plura
842 639 1074 687 concupivit,
1094 651 1207 688 quam
1235 639 1390 675 efficere

185 693 317 741 potuit.
374 693 511 741 Neque
531 700 658 729 tamen
679 705 725 728 ea
743 704 820 728 non
849 691 914 740 pia
934 699 972 728 et
1003 691 1198 740 probanda
1227 690 1389 736 suerunt,

186 745 285 792 quod
317 745 443 794 potius
480 745 612 793 patriae
646 757 740 793 opes
780 744 923 793 augeri,
957 756 1069 791 quam
1105 743 1208 792 regis
1246 744 1389 780 maluit.

187 797 288 834 Nam
306 810 419 845 quum
438 810 614 846 magnam
634 797 897 833 auctoritatem
916 796 989 832 sibi
1017 809 1145 845 pugna
1164 796 1231 832 illa
1248 797 1390 840 navali,

186 861 297 896 quam
330 849 429 898 apud
464 849 629 886 Cnidum
661 849 817 894 fecerat,
851 849 1125 893 constituisset,
1158 860 1233 885 non
1269 849 1391 884 solum

185 901 283 937 inter
301 902 493 946 barbaros,
514 902 584 938 sed
604 901 718 938 etiam
737 913 870 938 omnes
903 901 1063 937 Graeciae
1084 901 1271 944 civitates,
1293 901 1391 937 clam

186 953 276 990 dare
309 966 465 1002 operam
498 953 624 1002 caepit,
654 961 695 990 ut
725 954 873 990 Ioniam
901 961 939 990 et
970 953 1142 990 AEoliam
1174 954 1392 990 restitueret

187 1005 501 1042 Atheniensibus.
557 1006 602 1043 Id
621 1019 735 1055 quum
754 1006 879 1042 minus
913 1006 1119 1054 diligenter
1152 1014 1257 1042 esset
1288 1006 1389 1042 cela-

184 1065 275 1102 tum,
288 1058 504 1103 Tiribazus,
517 1058 580 1106 qui
598 1058 781 1095 Sardibus
801 1066 972 1107 praeerat,
990 1059 1188 1095 Cononem
1204 1058 1389 1103 evocavit,

186 1110 383 1155 simulans,
404 1111 451 1147 ad
470 1124 601 1160 regem
621 1124 708 1147 euin
736 1124 779 1148 se
799 1111 947 1147 mittere
968 1111 1070 1147 velle
1095 1123 1232 1159 inagna
1299 1130 1348 1155 393

186 1162 233 1198 de
253 1175 308 1199 re.
365 1163 490 1212 Hujus
517 1164 649 1200 nuntio
678 1176 817 1212 parens
848 1176 963 1212 quum
980 1163 1164 1208 venisset,
1193 1164 1233 1200 in
1267 1171 1293 1189 ³·
1310 1164 1341 1188 C·
1363 1171 1390 1188 ¹¹·

185 1215 338 1251 vincula
358 1216 555 1265 conjectus
585 1223 656 1261 est,
684 1217 724 1252 in
743 1216 878 1264 quibus
900 1215 1130 1263 aliquamdiu
1157 1215 1240 1252 fuit.
1295 1215 1390 1252 Inde

185 1267 356 1304 nonnulli
377 1280 464 1304 eum
483 1268 530 1304 ad
557 1281 690 1317 regem
709 1269 923 1313 abductum,
942 1268 1071 1315 ibique
1099 1268 1250 1316 perisse
1271 1267 1391 1316 scrip-

186 1326 264 1355 tum
282 1320 525 1367 reliquerunt.
583 1321 724 1358 Contra
744 1333 791 1357 ea
826 1321 955 1358 Dinon
987 1320 1207 1365 historicus,
1229 1320 1291 1357 cui
1319 1332 1391 1356 nos

186 1371 387 1421 plurimum
399 1372 446 1408 de
465 1373 636 1409 Persicis
656 1374 769 1410 rebus
785 1373 988 1418 credimus,
1002 1373 1200 1422 eflugisse,
1214 1371 1387 1420 scripsit:

187 1416 281 1458 illud
309 1423 512 1469 addubitat,
531 1432 654 1462 utrum
682 1426 862 1462 Tiribazo
883 1426 1044 1471 sciente,
1075 1437 1124 1462 an
1151 1401 1391 1475 irriprudente

188 1473 238 1510 sit
257 1473 408 1512 factum.

586 1731 668 1781 X.
749 1731 995 1782 DION,

582 1960 816 2000 ARGUME
822 1961 996 2001 NTUM.

193 2055 319 2093 CAP.
352 2055 387 2093 I.
429 2055 693 2107 Dionysiorum
712 2058 834 2108 affinis
851 2065 886 2094 et
904 2059 1068 2094 intimus.
1124 2056 1182 2094 II.
1212 2056 1391 2094 Platonis

239 2109 442 2158 discipulus
457 2116 493 2146 et
507 2111 657 2146 amicus.
713 2109 795 2146 III.
820 2110 1003 2146 Simultas
1013 2109 1150 2146 Dionis
1164 2116 1199 2145 et
1213 2109 1390 2159 Dionysii

230 2161 407 2209 junioris.
463 2161 537 2198 IV.
573 2162 790 2198 Corinthum
809 2163 1006 2199 devehitur.
1062 2162 1163 2209 Ejus
1179 2162 1292 2213 filius
1304 2175 1389 2210 pes-

240 2213 328 2248 sime
347 2213 533 2249 educatur.
594 2213 639 2249 V.
673 2214 945 2264 Syracusarum
963 2215 1107 2264 potitus
1127 2221 1322 2262 tyrannum
1341 2213 1391 2249 ad

234 2265 425 2314 pactiones
443 2265 574 2313 adigit.
636 2266 704 2302 VI.
733 2266 949 2303 Heraclidis
981 2267 1073 2302 caede
1099 2266 1273 2315 populum
1299 2279 1321 2301 a
1350 2278 1388 2301 se

241 2316 389 2352 alienat.
433 2316 526 2353 VII.
560 2316 760 2366 Tyrannus
774 2319 883 2367 vulgo
898 2319 1102 2367 appellatur
1116 2331 1186 2353 non
1191 2316 1385 2366 ferendus.

246 2368 362 2405 VIII.
398 2368 612 2405 Callicratis
644 2370 794 2406 consilio
822 2371 1012 2419 decipitur.
1068 2369 1146 2405 IX.
1176 2369 1287 2406 Domi
1313 2383 1387 2405 suae

241 2421 298 2457 die
315 2420 421 2470 festo
441 2421 627 2457 occiditur.
683 2421 738 2457 X.
774 2421 971 2458 Tumultus
983 2429 1071 2471 post
1090 2422 1170 2469 ejus
1187 2428 1334 2458 mortem
1353 2428 1388 2458 et

241 2472 460 2510 desiderium
479 2474 622 2509 mortui.

778 2527 823 2561 4*

1424 485 1439 519 1

1419 1008 1441 1041 3
