1651 2790
539 236 592 277 X.
654 241 692 286 3,
714 242 753 277 4.
813 238 976 289 (Dion.)
1301 241 1356 278 43

158 337 222 386 qui
242 336 288 373 de
309 335 507 385 partiendo
526 347 668 383 regno;
698 334 796 382 quod
825 335 965 370 sororis
995 348 1072 371 suae
1101 335 1200 371 lilios
1221 347 1270 371 ex
1290 335 1355 371 illo

157 397 266 426 natos
287 396 431 438 partem
456 387 564 436 regni
593 388 745 435 putabat
773 387 913 422 debere
942 386 1097 423 habero.
1154 387 1198 423 Id
1217 387 1357 423 medici

158 454 235 478 non
255 448 463 485 tacuerunt,
480 448 517 477 et
537 439 583 476 ad
606 439 834 487 Dionysium
853 439 972 474 filium
992 451 1207 474 sermonem
1221 440 1358 475 retule-

159 501 255 530 runt.
313 494 398 535 Quo
419 494 483 529 ille
506 499 726 536 commotus,
746 504 794 528 ne
817 491 955 540 agendi
976 498 1082 527 05501
1098 491 1214 527 Dioni
1233 499 1359 539 potes-

158 553 230 591 tas,
262 546 359 594 patri
393 557 569 593 soporem
605 544 777 580 medicos
815 543 905 580 dare
940 544 1076 592 coegit.
1133 542 1221 579 Hoc
1258 554 1360 591 aeger

160 606 293 642 sumto,
314 606 354 634 ut
373 609 505 634 somno
526 597 685 645 sopitus,
706 596 808 632 diem
827 595 920 631 obiit
939 607 1168 644 supremum.

213 651 288 688 Ill.
329 650 426 686 Tale
449 650 597 686 initium
616 648 686 684 fuit
715 648 853 685 Dionis
878 654 916 684 et
945 647 1124 696 Dionysii
1144 646 1359 692 simultatis,

161 716 280 751 eaque
299 703 426 738 multis
455 703 568 738 rebus
598 708 708 737 aucta
737 707 807 737 est.
865 700 945 736 Sed
970 707 1097 736 tamen
1116 699 1247 748 primis
1266 706 1360 735 tem-

160 756 313 804 poribus
335 754 565 802 aliquamdiu
593 754 769 789 simulata
796 753 894 788 inter
923 764 990 789 005
1020 751 1189 788 amicitia
1206 751 1357 787 mansit.

162 808 362 855 Quumque
384 807 486 843 Dion
505 819 581 842 non
610 806 814 842 desisteret
833 806 1037 841 obsecrare
1060 804 1302 852 Dionysium,
1322 810 1362 839 ut

162 860 361 897 Platonem
380 858 543 895 Athenis
564 864 794 902 arcesseret,
815 864 852 893 et
872 858 954 906 ejus
975 856 1149 893 consiliis
1168 863 1358 899 uteretur;

160 912 239 956 ille,
259 911 323 960 qui
351 912 391 948 in
419 911 546 958 aliqua
572 923 612 946 re
633 910 750 946 vellet
777 916 922 958 patrem
950 909 1100 954 imitari,
1120 921 1265 945 morem
1287 907 1357 958 [ei]

161 964 293 1013 gessit.
338 964 560 1010 Eodemque
577 970 746 1011 tempore
761 962 978 1006 Philistum,
994 961 1230 1005 historicum,
1245 961 1360 1008 Syra-

162 1030 274 1053 cusas
305 1016 466 1056 reduxit‚
499 1015 692 1051 hominem
727 1015 890 1051 amicum
919 1026 997 1050 non
1032 1014 1154 1062 magis
1187 1020 1360 1061 tyranne,

160 1081 271 1117 quam
290 1068 494 1118 tyrannidi.
552 1067 632 1103 Sed
660 1067 707 1103 de
737 1066 811 1103 hoc
842 1067 882 1103 in
911 1078 956 1102 eo
988 1066 1107 1116 [meo]
1138 1066 1233 1102 libro
1253 1065 1361 1113 plura

161 1129 247 1158 suut
267 1121 452 1170 exposita,
465 1120 527 1168 qui
547 1120 594 1156 de
615 1119 808 1155 historicis
832 1118 1016 1169 [Graecis]
1033 1118 1272 1166 conscriptus
1289 1124 1359 1153 est.

163 1174 272 1210 Plato
299 1180 423 1210 autem
442 1179 585 1208 tantum
613 1172 712 1220 apud
734 1171 963 1220 Dionysium
986 1170 1208 1206 auctoritate
1228 1169 1359 1218 potuit,

162 1226 355 1274 valuitque
383 1225 612 1273 eloquentia,
631 1231 671 1260 ut
691 1224 728 1260 ei
747 1224 981 1272 persuaserit
999 1222 1212 1271 tyrannidis
1232 1222 1360 1258 facere

162 1279 289 1323 finem,
309 1278 594 1325 libertatemque
616 1276 776 1313 reddere
795 1276 1051 1324 Syracusanis
1067 1289 1074 1311 :
1098 1287 1120 1311 a
1139 1287 1213 1322 qua
1230 1274 1361 1310 volun-

162 1338 236 1367 tate
258 1330 413 1367 Philisti
433 1330 596 1366 consilio
625 1328 826 1365 deterritus
851 1328 1041 1376 aliquanto
1063 1327 1252 1364 crudelior
1271 1339 1361 1363 esse

165 1382 291 1431 coepit

217 1434 287 1470 lv.
329 1435 406 1476 Qui
434 1434 587 1481 quidem
614 1423 727 1481 quum
747 1446 769 1469 a
789 1433 914 1470 Dione
944 1445 987 1469 se
1018 1431 1199 1489 superari.
1215 1431 1363 1467 videret

164 1486 331 1535 ingenio,
352 1486 586 1530 auctoritate,
607 1498 732 1521 amore
754 1485 896 1533 populi,
916 1497 1067 1529 verens,
1086 1497 1148 1529 ne,
1169 1484 1203 1520 si
1268 1499 1318 1524 353

165 1551 251 1575 eum
288 1550 420 1574 50011111
456 1537 625 1582 haberet,
664 1538 829 1585 aliquam
860 1537 1107 1572 occasionem
1144 1536 1203 1572 sui
1237 1535 1359 1558 ³·C·¹¹·

164 1591 270 1627 daret
303 1589 552 1639 opprimendi,
581 1602 719 1626 navem
752 1590 788 1625 ei
821 1589 1013 1625 triremem
1041 1588 1157 1632 dedit,
1185 1600 1259 1635 qua
1288 1587 1362 1624 Co-

163 1643 329 1679 rinthum
349 1642 623 1678 deveheretur:
655 1641 877 1685 ostendens,
897 1654 941 1677 se
963 1641 1002 1677 id
1021 1641 1212 1688 utriusque
1233 1640 1361 1676 facere

165 1708 293 1739 causa,
308 1707 370 1739 ne,
386 1707 500 1742 quum
519 1695 618 1730 inter
636 1706 679 1730 se
698 1694 886 1738 timerent,
903 1694 1082 1729 alteruter
1097 1694 1254 1728 alterum
1268 1704 1362 1740 prae-

164 1754 381 1796 occuparet.
436 1746 481 1783 Id
501 1759 613 1794 quum
640 1746 781 1782 factum
807 1745 914 1781 multi
943 1745 1240 1793 indignarentur,
1259 1757 1362 1792 mag-

163 1812 294 1848 naeque
327 1806 432 1835 05501
463 1798 615 1835 invidiae
649 1806 833 1847 tyrannm
864 1798 1077 1846 Dionysius
1115 1797 1252 1842 onmia,
1281 1809 1362 1844 quae

164 1852 307 1888 moveri
337 1858 510 1900 poterant
539 1851 690 1895 Dionis,
710 1851 750 1887 in
776 1850 885 1886 navis
914 1849 1105 1898 imposuit,
1125 1849 1173 1886 ad
1201 1861 1361 1896 eumque

164 1904 279 1940 misit.
337 1904 404 1940 Sic
438 1904 541 1940 enirn
574 1903 783 1940 existimari
815 1903 990 1947 volebat3
1020 1902 1059 1938 id
1089 1915 1131 1938 se
1165 1914 1242 1938 non
1274 1901 1362 1937 odio

165 1956 342 2000 hominis,
372 1956 442 1992 sed
471 1968 548 1992 suae
578 1956 712 1992 salutis
741 1955 885 1992 fecisse
915 1967 1043 1991 causa.
1100 1954 1242 1991 Postea
1269 1966 1362 1989 vero

165 2021 276 2056 quam
305 2008 457 2053 audivit,
485 2020 571 2044 eum
598 2008 638 2044 in
667 2008 937 2056 Peloponneso
964 2019 1116 2043 manum
1144 2018 1361 2055 comparare

166 2061 313 2109 sibique
334 2061 477 2097 bellum
504 2060 634 2096 facere
665 2060 817 2097 conari:
849 2060 1006 2103 Areten,
1028 2058 1167 2095 Dionis
1193 2070 1362 2101 uxorem,

167 2113 232 2149 alii
258 2121 414 2162 nuptum
439 2113 555 2157 dedit,
575 2112 767 2160 filiumque
793 2113 875 2161 ejus
905 2112 962 2147 510
994 2110 1147 2147 educari
1171 2110 1297 2159 jussit,
1323 2117 1364 2145 ut

166 2165 397 2213 indulgendo
417 2165 646 2213 turpissimis
675 2140 905 2200 imbuer'etur
925 2163 1206 2212 cupiditatibus.
1262 2162 1363 2198 Nam

168 2229 296 2265 puero,
328 2217 546 2264 priusquam
582 2217 702 2264 pubes
737 2224 852 2260 esset,
891 2223 1018 2252 scorta
1055 2214 1360 2257 adducebantur;

170 2281 254 2304 11110
284 2268 481 2316 epulisque
512 2269 746 2313 obruebatur,
767 2281 890 2324 neque
919 2268 1037 2303 ullum
1064 2276 1212 2314 tempus
1237 2266 1362 2301 sobrio

167 2321 458 2368 relinquebatur.
514 2320 554 2355 Is
582 2332 702 2367 usque
734 2332 780 2356 eo
810 2320 896 2356 vitae
930 2326 1066 2355 statum
1099 2324 1364 2354 commutatum

167 2372 265 2410 ferre
284 2384 361 2408 non
379 2371 510 2420 potuit,
529 2379 726 2419 postquam
744 2371 784 2407 in
802 2371 961 2419 patriam
979 2370 1093 2406 rediit
1117 2377 1224 2417 pater
1244 2371 1362 2420 (nam-

167 2438 240 2475 que
273 2424 436 2475 appositi
468 2429 574 2460 erant
604 2423 796 2468 custodes,
815 2422 879 2471 qui
910 2434 997 2458 eum
1025 2434 1047 2458 a
1072 2421 1232 2473 pristino
1260 2421 1363 2459 victu

1387 963 1410 997 δῦ

1391 2321 1412 2353 U!
