1651 2790
450 257 505 297 11.
557 262 594 306 ⁶2,
619 262 656 298 3.
707 258 1057 310 (Themistocles.)
1317 263 1364 300 15

169 356 355 394 serviens.
412 356 573 392 Multum
589 355 627 391 in
642 355 800 404 judiciis
820 355 975 404 privatis
992 357 1233 400 versabatur;
1264 369 1366 405 saepe

169 408 208 445 in
229 409 455 445 concionem
483 408 612 455 populi
637 407 832 455 prodibat3
862 408 966 443 nulla
989 421 1050 444 res
1078 409 1195 457 major
1215 410 1297 445 sine
1320 421 1366 446 eo

170 462 380 509 gerebatur,
424 460 688 507 celeriterque,
730 472 811 507 quae
849 472 943 508 opus
984 467 1100 504 erant,
1138 461 1365 509 reperiebat.

170 514 307 561 Neque
327 514 451 549 minus
472 512 509 548 in
530 513 642 548 rebus
673 512 852 560 gerendis
882 519 1061 560 promtus,
1082 525 1193 560 quam
1214 513 1366 561 excogi-

170 565 306 610 tandis,
328 572 418 609 erat,
439 564 537 612 quod
567 572 604 600 et
630 564 677 600 de
704 564 930 600 instantibus
952 566 1008 613 (ut
1028 565 1080 600 ait
1099 564 1366 614 Thucydides)

174 618 370 654 verissime
395 617 602 666 judicabat,
624 624 661 653 et
684 617 731 653 de
759 616 891 653 futuris
914 616 1163 653 callidissime
1187 617 1368 666 conjicie-

171 671 244 706 bat.
302 670 387 712 Quo
408 670 547 705 factum
568 676 638 714 est,
659 677 698 705 ut
717 669 822 706 brevi
841 676 1011 717 tempore
1033 669 1296 705 illustraretur.

224 723 275 759 ΙΙ.
318 722 467 758 Primus
489 728 613 758 autem
633 722 770 770 gradus
790 721 859 757 fuit
879 722 1127 769 capessendae
1148 721 1367 769 reipublicae
1403 740 1416 758 1

170 775 271 811 bello
304 775 528 823 Corcyraeo:
566 774 613 810 ad
645 774 744 822 quod
772 774 981 823 gerendum
1012 781 1146 822 praetor
1176 787 1197 809 a
1230 775 1368 822 populo

171 827 292 863 factus
311 839 387 863 non
407 827 529 862 solum
548 827 725 875 praesenti
744 827 859 871 bello,
879 826 949 862 sed
977 827 1090 862 etiam
1111 826 1257 874 reliquo
1276 834 1369 862 tem-

170 892 260 928 pore
282 879 508 915 ferociorem
527 878 691 915 reddidit
711 879 915 915 civitatem.
951 879 1052 914 Nam
1071 891 1185 927 quum
1204 879 1369 927 pecunia

170 931 335 980 publica,
365 944 446 979 quae
479 944 527 967 ex
555 931 720 967 metallis
751 931 909 976 redibat,
937 931 1139 980 largitione
1172 931 1370 980 magistra-

170 992 273 1020 tuum
293 984 491 1031 quotannis
512 984 693 1027 interiret‚
714 984 779 1020 ille
799 984 990 1032 persuasit
1008 984 1160 1032 populo,
1179 991 1219 1019 ut
1239 987 1285 1019 ea
1304 996 1370 1031 pe-

172 1037 283 1073 cunia
299 1037 437 1073 classis
454 1043 607 1072 centum
624 1036 779 1072 naviuin
796 1036 1056 1072 aedificaretur.
1089 1036 1175 1078 Qua
1192 1036 1370 1072 celeriter

172 1088 322 1134 effecta,
337 1089 498 1137 primum
515 1089 739 1137 Corcyraeos
756 1088 879 1137 fregit,
897 1088 1035 1124 deinde
1051 1089 1257 1124 maritimos
1277 1100 1370 1136 prae-

171 1141 290 1177 dones
323 1141 580 1177 consectando
610 1154 712 1177 mare
743 1148 861 1177 tutum
891 1140 1067 1177 reddidit.
1124 1141 1169 1177 In
1195 1153 1267 1188 quo
1292 1148 1370 1176 tum

171 1193 315 1230 divitiis
331 1194 490 1239 ornavit,
505 1201 583 1230 tum
600 1193 714 1230 etiam
729 1193 983 1242 peritissimos
1003 1193 1095 1229 belli
1110 1193 1258 1229 navalis
1279 1193 1370 1229 fecit

172 1245 445 1282 Athenienses.
503 1246 547 1283 Id
580 1253 726 1294 quanta:
761 1246 873 1282 saluti
907 1245 1020 1282 fuerit
1048 1246 1237 1282 universae
1266 1245 1369 1282 Grae-

172 1298 254 1343 ciae,
273 1299 375 1335 bello
397 1299 589 1347 cognitum
609 1306 668 1335 est
698 1298 871 1343 Persico,
892 1311 1005 1346 quum
1036 1298 1189 1334 Xerxes
1215 1305 1252 1334 et
1275 1298 1370 1334 mari

173 1358 210 1386 et
235 1359 334 1386 terra
363 1351 505 1387 bellum
532 1351 719 1387 universae
748 1350 905 1387 inferret
934 1351 1097 1399 Europae
1127 1363 1213 1386 cum
1295 1368 1343 1392 431

173 1403 285 1438 tantis
307 1402 441 1450 copiis,
461 1410 620 1450 queritas
639 1416 764 1450 neque
787 1410 910 1460 antea,
932 1415 1057 1450 neque
1078 1410 1213 1451 postea
1264 1401 1333 1425 ³·C·
1347 1408 1373 1425 ¹¹·

173 1453 303 1489 habuit
321 1466 531 1501 quisquam.
588 1455 713 1503 Hujus
742 1455 844 1491 enim
870 1455 1008 1491 classis
1034 1455 1139 1491 mille
1167 1462 1204 1490 et
1229 1454 1370 1491 ducen-

175 1514 293 1541 tarum
311 1505 464 1541 navium
491 1506 688 1554 longarum
715 1507 796 1550 suit,
816 1519 928 1554 quam
947 1507 1020 1542 duo
1048 1507 1154 1542 milia
1180 1507 1370 1543 oneraria-

174 1570 254 1593 rum
287 1558 495 1605 sequebant
498 1570 563 1602 ur3
610 1565 811 1594 terrestres
845 1565 971 1594 autem
1004 1558 1195 1594 exercitus
1230 1559 1371 1607 septin-

174 1616 370 1658 gentorum
406 1609 552 1645 11111111111
593 1610 774 1657 peditum,
810 1610 975 1658 equitum
1011 1610 1371 1667 quadringentorum

173 1662 319 1697 milium
346 1661 507 1697 fuerunt.
565 1662 684 1710 Cujus
705 1662 752 1698 de
773 1662 845 1698 adv
835 1669 936 1698 entu
955 1675 1068 1710 quum
1088 1662 1214 1698 fama
1205 1675 1245 1699 in
1267 1663 1370 1699 Grae-

174 1714 273 1750 ciam
289 1721 395 1750 esset
412 1715 568 1762 perlata,
586 1722 624 1750 et
641 1714 805 1750 maxime
821 1714 1081 1750 Athenienses
1101 1714 1181 1762 peti
1197 1715 1371 1751 diceren-

173 1775 231 1802 tur
259 1773 412 1814 propter
442 1779 607 1815 pugnam
637 1766 940 1803 Marathoniam:
981 1766 1166 1802 miserunt
1196 1766 1370 1816 Delphos

175 1819 398 1862 consultum,
415 1818 594 1866 quidnam
613 1818 785 1855 facerent
804 1819 850 1854 de
871 1820 984 1855 rebus
1005 1819 1099 1855 suis.
1145 1819 1370 1856 Deliberan-

174 1871 272 1906 tibus
294 1870 434 1918 Pythia
453 1871 661 1919 respondit,
680 1878 720 1906 ut
739 1871 924 1907 moenibus
944 1871 1084 1919 ligneis
1105 1884 1148 1907 se
1168 1871 1369 1908 munirent.

175 1923 220 1959 Id
256 1934 483 1971 responsum
518 1935 591 1971 quo
628 1924 787 1967 valeret,
827 1935 940 1970 quum
976 1923 1208 1972 intelligeret
1245 1937 1370 1969 nemo,

175 1974 460 2011 Themistocles
486 1975 687 2023 persuasit,
709 1976 912 2011 consilium
932 1988 1020 2012 esse
1042 1975 1247 2023 Apollinis,
1266 1983 1307 2012 ut
1332 1977 1371 2013 in

174 2039 294 2063 naves
311 2039 353 2062 se
371 2039 512 2074 suaque
530 2027 767 2064 conferrent:
801 2040 887 2063 eum
907 2028 1009 2063 enim
1029 2040 1050 2063 a
1069 2028 1142 2063 deo
1162 2028 1370 2076 significari

174 2091 322 2114 murum
339 2079 522 2127 ligneum.
552 2080 641 2115 Tali
661 2079 824 2115 consilio
843 2080 1011 2127 probato,
1032 2080 1172 2115 addunt
1191 2080 1238 2116 ad
1258 2093 1370 2128 supe-

175 2130 296 2166 riores
312 2131 467 2167 totidem
481 2144 600 2167 naves
616 2132 802 2176 triremes,
820 2144 962 2179 suaque
979 2132 1116 2176 omnia,
1131 2144 1212 2179 quae
1228 2133 1371 2168 moveri

176 2189 360 2230 poterant,
390 2183 526 2231 partim
557 2184 762 2228 Salamina,
782 2183 918 2232 partim
941 2184 1128 2219 Troezena
1154 2191 1369 2231 asportant;

178 2245 306 2269 arcem
325 2235 586 2271 sacerdotibus
614 2235 822 2283 paucisque
849 2236 1052 2283 majoribus
1073 2242 1174 2279 nam,
1194 2247 1239 2270 ac
1260 2248 1371 2272 sacra

178 2285 415 2333 procuranda
433 2286 591 2331 tradunt,
611 2287 796 2334 reliquum
815 2287 995 2335 oppidum
1013 2287 1239 2334 relinquunt.

232 2337 305 2373 ΙΙΙ.
337 2336 461 2385 Hujus
476 2338 679 2374 consilium
692 2339 885 2386 plerisque
900 2351 959 2374 civ
962 2338 1114 2374 itatibus
1131 2338 1371 2396 displicebat,

179 2396 215 2425 et
231 2388 270 2424 in
285 2396 384 2424 terra
399 2388 489 2424 dimi
493 2389 571 2424 cari
585 2389 706 2437 magis
725 2390 913 2436 placebat.
960 2390 1091 2436 Itaque
1106 2390 1215 2426 missi
1259 2417 1285 2441 d
1297 2417 1313 2441 6
1324 2417 1371 2443 Jul

180 2447 266 2477 sunt
278 2440 419 2476 delecti
428 2453 514 2475 eum
528 2440 713 2485 Leonida,
728 2441 1102 2477 Lacedaemoniorum
1110 2454 1214 2490 rege,
1299 2450 1347 2474 480

182 2493 242 2540 qui
250 2492 529 2540 Thermopylas
543 2499 786 2540 occuparent,
799 2493 1023 2540 longiusque
1036 2494 1214 2530 barbaros
1266 2488 1283 2506 ὃ
1305 2483 1336 2507 ⁰·
1348 2489 1376 2508 '³'

1396 884 1418 914 (C

1399 1456 1420 1488 01
