1651 2790
420 208 545 273 XII.
582 237 676 281 με,
700 236 738 272 3.
800 231 1051 284 (Chabrias.)
1289 234 1344 273 49
1395 277 1406 285 ⁴

201 331 233 370 I.
291 330 489 375 Chabrias,
511 328 774 366 Atheniensis.
830 328 908 365 Hic
942 341 1089 376 quoquc
1122 328 1160 364 in
1189 328 1346 365 summis

150 384 298 422 habitus
316 390 375 420 est
386 383 557 427 ducibus,
570 394 707 429 resque
721 382 857 417 multas
870 380 1051 416 momoria
1064 380 1098 416 di
1105 393 1197 428 guas
1215 381 1346 429 gessit.

152 437 232 474 Sed
248 449 296 473 ex
307 435 368 472 his
382 436 508 472 elucet
520 435 682 471 maxime
697 433 889 469 inventum
899 433 980 481 ejus
995 433 1032 468 iu
1046 433 1190 480 proelio,
1281 450 1328 473 377

151 489 248 537 quod
269 488 367 538 apud
395 488 552 524 Thebas
573 487 676 530 fecit,
695 498 808 533 quum
836 485 995 521 Boeotiis
1021 484 1190 520 subsidio
1237 491 1261 506 ³¹·
1279 485 1309 507 ¹³·
1329 490 1344 506 ¹¹

151 541 336 577 venisset.
393 540 566 587 Namque
603 539 642 574 in
663 551 709 574 co
729 538 886 574 victoria
916 537 1056 573 fidente
1086 548 1230 572 summo
1252 536 1346 572 duce

153 593 348 642 Agesilao,
361 591 500 640 sugatis
512 592 591 641 jam
604 592 649 627 ab
663 603 709 627 eo
723 589 965 626 conductitiis
980 589 1155 633 catervis,
1168 589 1351 636 reliquam

153 645 382 695 phalangem
413 645 499 680 loco
528 644 646 680 vetuit
675 643 828 687 cedere,
856 642 1068 689 obnixoque
1101 654 1201 689 genu
1229 648 1349 684 scuto,

154 698 322 748 projecta
354 696 464 732 hasta
489 697 670 745 impetum
704 694 885 743 excipere
915 694 1083 730 hostium
1112 693 1251 729 docuit.
1307 693 1352 729 Id

155 762 290 787 novum
303 749 509 798 Agesilaus
530 755 714 784 contuens
734 746 912 796 progredi
931 759 1007 782 non
1024 753 1082 782 est
1102 758 1228 790 ausus,
1246 757 1351 781 suos-

155 815 225 849 que
242 803 321 851 jam
341 801 578 837 incurrentes
599 801 686 836 tuba
705 799 910 836 revocavit.
968 799 1054 835 Hoc
1074 811 1193 845 usque
1215 810 1261 833 eo
1278 804 1353 832 tota

157 855 307 891 Graecia
335 853 433 889 fama
453 853 684 889 celebratum
706 859 775 891 est.
795 859 835 887 ut
862 852 928 888 illo
948 858 1046 887 statu
1068 850 1254 887 Chabrias
1281 849 1354 885 sibi

155 913 314 942 statuam
333 906 416 941 fieri
435 905 608 949 voluerit,
637 918 717 952 quse
749 904 900 952 publice
922 904 959 939 ei
987 904 1032 939 ab
1054 902 1352 939 Atheniensibus

157 959 194 995 in
227 958 307 994 soro
341 957 542 994 constituta
562 965 632 993 est.
690 957 751 993 Ex
781 969 854 1004 quo
888 956 1028 991 factum
1048 963 1118 999 cst,
1149 963 1189 990 ut
1221 962 1355 1002 postea

156 1011 304 1047 athletae
320 1011 512 1057 ceterique
527 1010 691 1045 artifices
708 1009 768 1044 his
782 1009 939 1045 statibus
960 1009 999 1044 in
1013 1007 1145 1043 statuis
1166 1006 1353 1055 ponendis

155 1070 360 1106 uterentur,
380 1063 514 1109 quibus
531 1062 728 1097 victoriam
748 1068 880 1097 essent
901 1060 1040 1108 adepti.

209 1115 262 1152 Π.
293 1115 478 1151 Chabrias
496 1122 621 1150 autem
636 1115 751 1150 multa
770 1114 808 1149 in
830 1113 985 1161 Europa
1003 1113 1105 1148 bella
1121 1111 1356 1148 administra-

157 1168 221 1212 vit,
241 1180 353 1215 quum
372 1167 447 1202 dux
467 1167 761 1203 Atheniensium
795 1173 921 1210 esset3
955 1165 995 1200 in
1024 1165 1195 1213 AEgypto
1278 1179 1328 1204 3oe

158 1233 227 1256 sua
255 1226 388 1268 sponte
423 1219 557 1268 gessit.
627 1219 729 1255 Nam
759 1217 1001 1254 Nectanabin
1034 1217 1199 1265 adjutum
1248 1214 1356 1236 ΚΟΛ-

157 1272 361 1321 profectus,
398 1284 557 1320 regnum
594 1271 631 1307 ei
665 1270 870 1307 constituit.
943 1269 1055 1306 Fecit
1087 1269 1189 1305 idem
1223 1266 1355 1315 Cypri,

158 1324 229 1360 sed
255 1325 406 1372 publice
437 1325 481 1360 ab
502 1323 804 1360 Atheniensibus
839 1323 1024 1370 Evagorae
1056 1321 1200 1370 adjutor
1251 1341 1332 1372 [3373

160 1376 293 1420 datus;
320 1389 444 1423 neque
474 1377 578 1424 prius
609 1376 698 1412 inde
729 1374 924 1419 discessit,
945 1387 1056 1421 quam
1084 1381 1200 1409 totam
1234 1372 1356 1403 a⁴C·¹¹·]

161 1429 324 1464 insulam
341 1429 442 1463 bello
463 1428 707 1464 devinceret:
743 1440 816 1475 qua
837 1439 886 1462 ex
912 1439 953 1462 re
974 1426 1234 1462 Athenienses
1253 1437 1356 1473 mag-

160 1492 247 1516 nam
277 1479 435 1528 gloriam
454 1486 541 1514 sunt
573 1479 713 1527 adepti,
769 1478 927 1515 Interim
943 1479 1086 1514 bellum
1104 1477 1202 1513 inter
1268 1497 1315 1521 351

164 1532 370 1580 AEgyptios
392 1538 429 1567 et
450 1531 591 1567 Persas
613 1531 815 1566 conflatum
828 1538 898 1566 est.
938 1529 1199 1566 Athenienses
1233 1536 1259 1554 ὃ·
1282 1530 1314 1554 C·
1331 1537 1358 1554 ¹¹·

163 1597 247 1620 cum
260 1585 469 1620 Artaxerxe
485 1583 708 1618 societatem
727 1583 938 1626 liabcbant;
970 1580 1253 1618 Lacedaemonii
1273 1592 1359 1616 cum

162 1636 372 1685 AEgyptiis‚
411 1648 433 1671 a
473 1635 607 1682 quibus
645 1647 801 1683 magnas
847 1634 993 1682 praedas
1032 1633 1250 1682 Agesilaus,
1291 1644 1359 1668 rex

163 1700 303 1732 eorum,
323 1687 499 1723 faciebat.
556 1685 570 1722 Ῑ
576 1687 600 1722 d
615 1687 765 1722 intuens
788 1686 986 1730 Chabrias,
1006 1698 1118 1733 quum
1138 1685 1177 1721 in
1195 1697 1235 1721 re
1255 1685 1360 1721 nulla

163 1740 344 1789 Agesilao
379 1740 545 1783 cederet,
583 1751 652 1774 sua
694 1746 827 1786 sponte
867 1751 932 1774 eos
969 1738 1134 1787 adjutum
1166 1736 1359 1785 profectus

163 1793 358 1841 AEgyptiae
377 1791 495 1828 classi
515 1791 672 1839 praefuit,
692 1791 931 1839 pedestribus
953 1790 1074 1838 copiis
1095 1789 1314 1838 Agesilaus.

215 1846 289 1882 III.
345 1845 445 1880 Tum
476 1843 646 1892 praefecti
678 1842 782 1892 regis
818 1843 961 1879 Pcrsiae
982 1843 1139 1890 legatos
1176 1841 1360 1877 miserunt

164 1897 334 1934 Athenas
379 1903 564 1944 questum,
611 1895 710 1943 quod
759 1895 946 1931 Chabrias
994 1895 1194 1930 adversum
1229 1905 1360 1942 regem

163 1950 304 1986 bellum
317 1955 466 1997 gereret
482 1960 568 1984 cum
583 1948 793 1996 AEgyptiis.
825 1947 1085 1983 Athenienses
1101 1946 1203 1982 diem
1219 1953 1361 1981 certam

165 2001 338 2038 Chabriae
357 2001 648 2049 praestituerunt,
668 2013 779 2048 quam
800 2007 884 2035 ante
907 1999 1057 2035 domum
1083 1997 1160 2034 nisi
1182 1997 1359 2041 redisset,

164 2054 300 2102 capitis
338 2066 380 2089 se
417 2053 525 2088 illum
551 2052 801 2088 ‘damnaturos
840 2051 1116 2087 denuntiarunt.
1172 2049 1260 2086 Hoc
1292 2049 1358 2086 ille

163 2106 292 2143 nuntio
326 2105 497 2142 Athenas
530 2104 654 2149 rediit,
687 2116 812 2151 neque
845 2103 898 2139 ibi
927 2102 1066 2139 diutius
1097 2109 1155 2138 est
1180 2108 1360 2146 moratus,

163 2170 274 2206 quam
292 2157 361 2193 fuit
378 2169 559 2193 necesse.
613 2157 703 2192 Non
719 2156 821 2192 enim
839 2156 1001 2192 libenter
1021 2161 1100 2190 erat
1120 2160 1205 2189 ante
1226 2153 1358 2189 oculos

164 2209 305 2246 civium
335 2221 508 2244 suorum:
549 2209 648 2256 quod
681 2215 718 2244 et
750 2208 901 2244 vivebat
930 2207 1044 2251 laute,
1079 2213 1116 2242 et
1142 2205 1361 2253 indulgebat

164 2261 238 2298 sibi
256 2260 465 2304 liberalius,
485 2273 596 2307 quam
619 2267 660 2296 ut
678 2259 860 2295 invidiam
879 2259 983 2307 vulgi
1015 2265 1148 2306 posset
1176 2256 1358 2305 effugere.

165 2314 238 2350 Est
271 2312 373 2348 enirn
409 2311 482 2347 hoc
517 2323 713 2348 commune
742 2312 875 2347 vitium
906 2311 947 2346 in
975 2310 1123 2358 magnis
1153 2309 1359 2356 liberisque

165 2365 394 2408 civitatibus,
410 2370 450 2399 ut
461 2363 604 2398 invidia
623 2363 750 2411 gloriae
772 2375 901 2398 comes
922 2363 982 2406 sit,
1000 2369 1037 2397 et
1054 2361 1217 2397 libenter
1236 2360 1283 2396 de
1298 2360 1360 2396 his

128 2414 133 2417 ”
164 2416 373 2460 detrahant,
404 2427 498 2463 quos
529 2415 696 2450 eminere
722 2415 876 2450 videant
909 2414 1044 2457 altius3
1077 2425 1201 2460 neque
1235 2412 1361 2449 animo

166 2480 270 2520 oequo
296 2479 486 2518 pauperes
508 2467 672 2502 alienam
691 2466 924 2513 opulentiam
951 2465 1142 2500 intuuntur
1159 2464 1360 2502 fortunam.

798 2528 818 2552 o

1378 331 1392 365 1

1376 540 1397 572 ‘2

1386 2156 1410 2189 2
