1651 2790
151 2114 168 2147 *¹

227 232 282 269 94
472 229 634 278 XXIII,
699 236 846 280 11‚12.
911 231 1184 286 (Hannibal.)

220 343 360 380 easque
389 333 428 368 in
450 345 541 369 vasa
561 333 694 369 fictilia
713 334 862 383 conjici.
921 334 1075 371 Harum
1101 348 1219 384 quum
1241 335 1417 374 confecis-

218 390 276 420 set
310 397 489 435 magnam
522 385 815 431 multitudinem,
838 387 897 423 die
931 388 1023 436 ipso,
1045 400 1119 436 quo
1149 387 1322 425 facturus
1341 395 1420 426 erat

217 437 356 473 navale
390 437 583 486 proelium,
605 437 822 475 classiarios
855 447 1050 483 convocat,
1072 441 1208 489 hisque
1237 442 1419 490 praecipit,

217 501 348 526 omnes
368 497 409 526 ut
428 490 466 525 in
488 502 604 526 unam
634 489 820 527 Eumenis
841 492 942 540 regis
969 500 1199 529 concurrant
1227 505 1377 538 navem,
1400 508 1420 531 a

218 542 354 578 ceteris
388 549 535 578 tantum
569 543 660 578 satis
690 543 854 580 habeant
887 557 927 580 se
959 544 1175 581 defendere.
1231 544 1272 581 Id
1305 545 1418 582 facile

216 593 301 630 illos
320 595 553 643 serpentium
573 595 815 632 multitudine
842 603 1126 633 consecuturos.
1187 597 1270 633 Rex
1292 605 1418 634 autem

215 646 254 682 in
274 659 350 694 qua
368 659 467 683 nave
487 647 703 692 veheretur,
727 655 767 684 ut
797 648 953 693 scirent,
975 662 1016 684 se
1051 648 1272 696 facturum,
1304 663 1419 698 quem

214 699 246 734 si
267 706 332 735 aut
351 700 551 748 cepissent,
574 707 639 736 aut
668 699 958 745 interfecissent,
982 713 1122 750 magno
1142 701 1200 737 his
1220 701 1418 750 pollicetur

215 752 369 800 praemio
390 752 482 788 fore.

268 803 335 841 XI.
368 803 457 840 Tali
477 804 732 841 cohortatione
754 805 918 841 militum
949 803 1064 850 facta,
1085 804 1219 841 classis
1241 805 1287 841 ab
1309 806 1418 842 utris-

213 868 288 904 que
322 857 361 892 in
395 857 574 905 proelium
609 857 824 894 deducitur.
882 857 1062 898 Quarum
1091 858 1174 894 acie
1202 859 1417 903 constituta,

213 909 435 957 priusquam
457 910 610 959 signum
641 922 779 959 pugnae
799 909 965 954 daretur,
987 909 1195 954 Hannibal,
1218 917 1259 946 ut
1290 911 1418 959 palam

215 960 358 997 faceret
390 962 482 1006 suis,
519 975 593 1010 quo
630 962 713 998 loco
743 961 940 998 Eumenes
971 968 1069 998 esset
1099 962 1341 998 tabellarium
1378 963 1417 998 in

213 1014 356 1062 scapha
386 1027 476 1050 cum
505 1014 674 1050 caduceo
703 1015 828 1050 mittit.
886 1014 965 1056 Qui
986 1014 1051 1049 ubi
1081 1014 1127 1050 ad
1147 1026 1265 1050 naves
1286 1014 1416 1051 adver-

212 1067 398 1102 sariorum
437 1067 621 1114 pervenit,
661 1067 933 1115 epistolamque
971 1066 1170 1102 ostendens
1207 1079 1247 1102 se
1287 1079 1417 1116 regem

213 1117 405 1167 professus
438 1125 494 1155 est
524 1130 708 1167 quaerere,
744 1120 869 1155 statim
905 1119 952 1154 ad
983 1118 1199 1154 Eumenem
1230 1118 1416 1155 deductus

213 1177 279 1215 est,
301 1171 399 1219 quod
420 1183 532 1207 nemo
545 1171 752 1216 dubitabat,
775 1171 919 1219 aliquid
938 1171 983 1207 de
1003 1183 1097 1220 pace
1111 1183 1193 1207 esse
1214 1171 1414 1220 scriptum.

213 1222 471 1267 Tabellarius,
510 1223 620 1259 ducis
657 1235 754 1260 nave
784 1223 977 1260 declarata
1010 1223 1102 1267 suis,
1133 1223 1278 1267 eodem,
1316 1223 1416 1260 unde

211 1275 318 1319 ierat,
340 1288 380 1311 se
402 1276 558 1324 recepit.
617 1276 670 1311 At
690 1275 898 1320 Eumenes,
921 1275 1043 1312 soluta
1063 1275 1232 1324 epistola,
1254 1275 1347 1311 nihil
1377 1276 1416 1311 in

211 1340 257 1363 ea
295 1329 446 1376 reperit,
477 1328 549 1364 nisi
588 1327 687 1376 quod
721 1328 766 1364 ad
798 1327 1034 1364 irridendum
1068 1340 1156 1363 eum
1195 1328 1413 1376 pertineret.

210 1379 333 1428 Cujus
353 1381 422 1416 etsi
442 1392 600 1417 causam
616 1381 839 1425 mirabatur,
854 1392 979 1428 neque
999 1379 1274 1428 reperiebatur,
1288 1387 1415 1416 tamen

211 1433 391 1480 proelium
411 1433 537 1468 statim
566 1433 802 1469 committere
827 1445 901 1468 non
935 1432 1134 1468 dubitavit.
1192 1431 1343 1468 Horum
1377 1432 1416 1468 in

209 1497 402 1522 concursu
422 1484 583 1533 Bithyni
616 1484 848 1521 Hannibalis
877 1491 1066 1533 praecepto
1087 1484 1256 1520 universi
1276 1496 1415 1521 navem

209 1536 397 1574 Eumenis
418 1537 655 1573 adoriuntur.
701 1537 877 1578 Quorum
899 1537 977 1572 vim
998 1549 1065 1572 rex
1086 1548 1206 1586 quum
1226 1537 1415 1573 sustinere

207 1601 280 1625 non
313 1597 447 1638 posset,
471 1589 563 1639 fuga
593 1590 756 1626 salutem
788 1590 915 1638 petiit:
945 1602 1060 1637 quam
1091 1595 1320 1625 consecutus
1339 1601 1414 1625 non

207 1649 315 1686 esset,
337 1643 410 1678 nisi
430 1643 530 1678 intra
543 1655 614 1678 sua
633 1643 810 1690 praesidia
830 1655 870 1678 se
892 1642 1110 1690 recepisset,
1125 1653 1211 1689 quae
1231 1641 1270 1688 in
1290 1642 1412 1689 proxi-

207 1706 268 1730 mo
296 1695 404 1730 litore
425 1701 533 1731 erant
563 1695 765 1731 collocata.
824 1694 1000 1742 Reliquae
1019 1693 1266 1742 Pergamenae
1295 1705 1412 1729 naves

206 1759 327 1793 quum
349 1747 586 1783 adversarios
607 1753 822 1796 premerent
843 1747 983 1790 acrius,
1007 1751 1159 1794 repente
1175 1745 1212 1779 in
1235 1757 1300 1780 eas
1319 1757 1412 1781 vasa

205 1798 349 1842 fictilia,
388 1798 433 1834 de
471 1800 610 1846 quibus
648 1811 765 1847 supra
802 1799 1032 1834 mentionem
1067 1796 1240 1840 fecimus,
1274 1797 1411 1845 conjici

206 1863 331 1899 coepta
352 1857 452 1886 sunt.
511 1850 611 1892 Quae
627 1851 732 1899 jacta
761 1851 867 1886 initio
889 1850 1008 1885 risum
1041 1848 1301 1898 pugnantibus
1323 1861 1409 1884 con-

206 1903 382 1947 citarunt,
405 1915 543 1950 neque,
565 1915 683 1951 quare
703 1902 740 1938 id
761 1903 880 1946 fieret,
912 1909 1056 1950 poterat
1075 1901 1250 1949 intelligi.
1308 1900 1409 1937 Post-

204 1967 318 2004 quam
340 1962 466 1991 autem
487 1967 605 1991 naves
625 1955 832 2003 completas
853 1960 1134 2002 conspexerunt
1154 1953 1407 2001 serpentibus,

203 2019 303 2044 nova
324 2020 364 2043 re
385 2007 586 2056 perterriti,
607 2020 738 2056 quum,
761 2006 852 2056 quid
880 2006 1117 2055 potissimum
1139 2006 1312 2049 vitarent,
1334 2017 1408 2041 non

204 2059 387 2104 viderent,
409 2072 554 2109 puppes
574 2066 806 2103 averterunt,
821 2071 937 2107 seque
959 2058 1005 2094 ad
1026 2071 1095 2094 sua
1109 2064 1234 2094 castra
1253 2058 1408 2094 nautica

204 2113 431 2149 retulerunt.
477 2113 542 2149 Sic
563 2112 758 2149 Hannibal
780 2112 938 2148 consilio
955 2123 1061 2147 arma
1083 2109 1407 2159 Pergamenorum

203 2166 420 2214 superavit:
450 2178 574 2213 neque
594 2172 675 2201 tum
696 2164 831 2208 solum,
847 2163 913 2200 sed
933 2175 1032 2212 saepe
1054 2162 1150 2198 alias
1170 2162 1406 2211 pedestribus

203 2218 321 2266 copiis
342 2218 424 2266 pari
445 2218 644 2267 prudentia
664 2217 808 2266 pepulit
829 2216 1079 2252 adversarios.

258 2269 344 2306 XII.
376 2269 475 2311 Quae
495 2270 586 2306 dum
606 2270 644 2305 in
667 2270 763 2305 Asia
784 2275 982 2318 geruntur,
1006 2267 1144 2304 accidit
1160 2278 1271 2310 casn,
1294 2273 1335 2303 ut
1353 2265 1404 2302 le-

202 2323 280 2372 gati
319 2323 463 2359 Prusiae
502 2322 634 2359 Romae
672 2322 771 2371 apud
811 2320 858 2357 L.
895 2321 1098 2362 Quintium
1131 2319 1404 2363 Flamininum,

203 2375 456 2419 consularem,
475 2381 684 2418 coenarent,
699 2382 813 2423 atque
833 2374 897 2418 ibi,
915 2373 960 2409 de
981 2372 1200 2409 Hannibale
1215 2371 1402 2406 mentione

204 2425 317 2472 facta,
338 2440 385 2463 ex
418 2428 477 2464 his
498 2440 598 2464 unus
627 2427 782 2472 diceret,
804 2439 892 2463 eum
926 2427 965 2462 in
994 2425 1141 2462 Prusiae
1170 2435 1286 2472 regno
1306 2434 1401 2459 esse.

151 2480 176 2514 2
205 2477 246 2515 Id
275 2486 421 2528 postero
440 2480 500 2517 die
520 2479 763 2517 Flamininus
782 2479 932 2516 senatui
961 2478 1108 2515 detulit.
1165 2475 1298 2512 Patres
1317 2486 1403 2511 con-
