1651 2790
500 230 618 272 XVI.
679 237 716 280 4,
740 238 778 273 5.
841 232 1115 287 (Pelopidas.)
1350 239 1403 278 ⁴37

205 332 465 381 bertatemque
486 339 629 378 vocato,
652 346 726 370 non
757 334 879 371 solum
915 335 980 383 qui
1009 336 1046 371 in
1078 336 1172 372 urbe
1201 344 1320 382 crant,
1341 336 1407 374 sed

203 387 318 422 etiam
339 386 506 434 undique
527 397 574 421 ex
595 387 697 435 agris
727 394 1016 431 concurrerunt,
1048 388 1265 436 praesidium
1286 388 1406 426 Lace·-
1456 393 1460 396 ’

203 438 474 475 daemoniorum
495 450 542 474 ex
564 450 652 475 arce
686 439 928 488 populerunt,
950 441 1114 487 patriam
1143 440 1333 477 obsidione
1362 442 1405 478 li-

204 490 448 535 beraverunt,
470 497 645 528 auctores
677 491 856 528 Cadmeae
875 491 1109 540 occupandae
1142 493 1279 541 partim
1307 494 1405 530 occi-

202 542 350 587 derunt,
373 543 508 592 partim
528 544 567 579 in
589 544 768 579 exsilium
789 544 998 592 ejecerunt.

254 595 324 632 IV.
356 595 441 632 Hoc
461 602 539 632 tam
559 595 708 632 turbido
728 602 908 645 tempore,
930 597 1030 632 sicut
1059 608 1177 645 supra
1197 596 1405 642 docuimus,

202 646 499 697 Epaminondas,
521 648 644 697 quoad
665 661 755 684 cum
775 644 924 685 civibus
957 648 1182 684 dimicatum
1218 656 1286 693 est,
1308 649 1407 686 (lomi

201 701 355 748 quietus
375 700 459 736 fuit.
517 700 650 749 Itaque
671 701 754 737 haec
774 701 1062 737 liberandarum
1078 700 1302 737 Thebarum
1324 714 1406 750 pro-

202 753 284 801 pria
317 753 403 789 laus
431 759 488 789 est
522 753 734 802 Pelopidae:
765 760 904 790 ceterae
934 753 1014 790 fere
1034 765 1165 790 omnes
1185 766 1408 790 communes

200 817 289 841 cum
310 805 589 854 Epaminonda.
647 805 828 854 Namque
857 806 1063 842 Leuctrica
1084 817 1225 855 pugna,
1246 806 1407 855 impera-

200 863 279 893 tore
299 857 577 906 Epaminonda,
600 857 662 894 hic
684 857 754 894 fuit
781 858 859 894 dux
879 858 1038 894 delectae
1057 871 1206 902 manus,
1228 871 1314 906 quae
1334 860 1407 907 pri-

199 921 261 946 ma
278 909 507 959 phalangem
529 910 731 959 prostravit
751 909 966 947 Laconum.
1009 910 1200 947 Omnibus
1220 918 1406 960 praeterea

199 962 382 1011 periculis
403 961 522 998 affuit.
580 962 690 998 Sicut
711 962 887 1011 Spartam
907 963 1292 1012 quum'oppugnavst,
1316 963 1405 1000 alte-

199 1026 286 1050 rum
306 1014 427 1051 tenuit
447 1026 591 1051 cornu:
622 1027 773 1064 quoque
804 1015 982 1052 Messena
1002 1016 1168 1052 celerius
1188 1016 1403 1052 restituere-

198 1072 273 1111 tur,
295 1066 446 1116 legatus
465 1067 505 1103 in
525 1066 662 1104 Persas
682 1074 738 1104 est
770 1067 977 1116 profectus.
1034 1066 1212 1116 Denique
1232 1068 1315 1104 haec
1337 1067 1408 1105 fuit

200 1119 321 1155 altera
340 1131 502 1169 persona
523 1118 680 1164 Thebis,
702 1119 765 1156 sed
795 1127 923 1156 tamen
944 1120 1117 1156 secunda
1137 1121 1201 1164 ita,
1224 1126 1264 1156 ut
1285 1122 1406 1169 proxi-

199 1183 262 1207 ma
281 1177 381 1208 esset
400 1171 690 1220 Epaminondae.

251 1223 302 1260 V.
333 1223 584 1261 Conflictatus
603 1231 731 1261 autem
745 1231 800 1261 est
821 1237 910 1261 cum
925 1224 1086 1261 adversa
1106 1223 1270 1261 fortuna.
1303 1225 1408 1262 Nam

198 1282 235 1312 et
255 1276 373 1321 initio,
395 1277 495 1314 sicut
514 1276 758 1321 ostendimus,
782 1277 892 1314 exsul
918 1278 1040 1326 patria
1061 1277 1198 1322 caruit,
1219 1283 1267 1321 et,
1289 1290 1409 1326 quum

199 1327 441 1365 Thessaliam
461 1329 500 1365 in
521 1335 743 1378 potestatem
758 1329 1032 1366 Thebanorum
1045 1336 1204 1378 cuperet
1221 1329 1406 1379 redigere,

199 1379 477 1429 legationisque
504 1381 592 1430 jure
627 1382 719 1418 satis
751 1388 896 1418 tectum
930 1395 971 1418 se
1005 1382 1270 1427 arbitraretur,
1309 1382 1408 1430 quod

200 1431 300 1481 apud
319 1444 451 1469 omnes
479 1439 612 1481 gentes
632 1440 809 1470 sanctum
829 1446 912 1470 esse
933 1440 1167 1478 consuesset,
1190 1447 1213 1470 a
1246 1441 1409 1482 tyranno

200 1483 425 1520 Alexandro
445 1484 601 1521 Pheraeo
621 1486 736 1522 simul
758 1498 848 1522 curn
868 1485 1035 1522 Ismenia
1054 1486 1353 1534 comprehensus
1369 1487 1407 1522 in

199 1537 357 1573 vincula
376 1536 572 1585 conjectus
593 1543 662 1574 est.
707 1536 824 1574 Hunc
845 1537 1131 1586 Epaminondas
1152 1539 1404 1586 recuperavit,

199 1588 299 1625 bello
328 1601 561 1638 persequens
591 1589 875 1626 Alexandrum.
934 1590 1022 1626 Post
1052 1589 1089 1625 id
1124 1589 1268 1626 factum
1298 1603 1406 1626 num-

198 1653 315 1690 quam
344 1641 377 1678 is
396 1642 523 1677 animo
543 1641 690 1690 placari
711 1642 831 1690 potuit
859 1643 898 1678 in
918 1654 1020 1686 eum,
1043 1655 1064 1677 a
1084 1654 1159 1690 quo
1179 1649 1262 1678 erat
1291 1642 1405 1678 viola-

197 1700 272 1730 tus.
329 1693 462 1742 Itaque
493 1695 680 1742 persuasit
701 1694 910 1739 Thebanis,
934 1701 974 1730 ut
995 1694 1162 1730 subsidio
1194 1694 1408 1730 Thessaliae

198 1746 548 1795 proficiscerentur,
579 1753 840 1795 tyrannosque
870 1747 955 1796 ejus
975 1746 1225 1795 expellerent.
1283 1746 1406 1795 Cujus

199 1798 290 1835 belli
325 1811 444 1847 quum
475 1799 511 1835 ei
544 1811 696 1835 summa
717 1806 816 1836 esset
848 1799 947 1843 data,
970 1811 1091 1847 eoque
1123 1811 1212 1835 cum
1234 1800 1406 1836 exercitu

198 1850 392 1901 profectus
405 1857 515 1896 esset,
532 1863 607 1888 non
628 1851 826 1896 dubitavit,
840 1852 954 1888 simul
972 1863 1016 1887 ac
1031 1852 1228 1900 conspexit
1248 1851 1404 1896 hostem,

199 1904 419 1953 confligere.
468 1902 513 1941 In
532 1916 607 1953 quo
627 1904 762 1953 proelio
778 1903 1048 1941 Alexandrum
1065 1910 1106 1940 ut
1126 1903 1404 1948 animadvertit,

197 1956 378 1992 incensus
411 1956 471 1992 ira
506 1969 650 2005 equum
683 1957 722 1993 in
743 1969 834 1993 eum
853 1956 1071 2001 concitavit,
1102 1956 1314 2005 proculque
1343 1956 1405 1992 de-

197 2020 352 2057 gressus
373 2021 395 2045 a
415 2009 495 2045 suis
514 2009 691 2057 conjectu
711 2009 874 2046 telorum
895 2008 1093 2045 confossus
1113 2008 1290 2045 concidit.
1337 2010 1404 2045 At-

197 2073 272 2109 que
304 2061 375 2097 hoc
404 2061 574 2098 secunda
594 2062 756 2098 victoria
784 2061 944 2098 accidit:
979 2073 1069 2097 nam
1101 2061 1180 2109 jam
1213 2060 1406 2097 inclinatae

198 2119 307 2149 erant
338 2120 591 2161 tyrannorum
611 2114 743 2162 copiae.
801 2113 890 2155 Quo
923 2113 1022 2150 facto
1041 2125 1172 2149 omnes
1193 2112 1406 2150 Thessalia}

198 2165 371 2201 civitates
391 2165 635 2202 interfectum
655 2166 874 2215 Pelopidam
894 2166 1042 2202 coronis
1063 2165 1189 2201 aureis
1209 2171 1245 2200 et
1272 2165 1406 2202 statuis

199 2217 326 2262 feneis,
347 2217 562 2268 liberosque
583 2218 667 2267 ejus
687 2219 807 2255 multo
828 2231 919 2270 agro
939 2218 1139 2255 donarunt.

1435 914 1458 948 3

1441 1228 1459 1261 l
