1651 2790
487 234 584 275 VII.
617 239 655 274 4.
725 235 1011 286 (Alczbz'ades.)
1295 236 1343 272 31

149 334 251 372 enim
269 332 498 371 liberalitate
520 332 756 376 devinxerat,
776 331 905 380 plures
926 331 1041 367 etiam
1069 343 1184 379 opera
1208 329 1351 366 forensi

148 399 238 424 suos
258 386 486 423 reddiderat.
544 385 672 427 Quare
693 384 819 428 fiebat,
838 390 879 420 ut
901 383 1068 419 omnium
1096 383 1240 427 oculos,
1261 394 1334 430 quo

148 440 385 496 tiescumque
419 438 459 474 in
491 437 685 495 publicum
717 413 921 494 prodisset,
951 435 998 471 ad
1029 448 1071 470 30
1102 441 1352 479 converteret,

148 504 271 540 neque
294 491 331 527 ei
363 503 431 539 par
463 490 661 538 quisquam
694 489 732 524 111
762 489 914 524 civitate
948 494 1164 536 poneretur.
1220 487 1350 533 Itaque

147 556 224 580 non
243 543 367 579 solum
387 555 496 591 spem
521 542 560 578 111
581 554 628 578 eo
660 541 850 577 habebant
882 540 1098 584 maximam,
1132 538 1202 574 sed
1237 539 1351 574 etiam

149 596 334 640 timorem,
354 595 453 643 quod
473 602 511 631 et
538 595 678 630 obesse
698 593 900 642 plurimum
921 599 959 629 et
985 592 1170 640 prodesse
1191 598 1349 639 poterat

151 648 326 697 Adsper0
306 648 462 683 <rebatur
482 647 597 683 etiam
625 645 791 690 infamia,
811 645 910 693 quod
944 645 982 680 111
1004 644 1114 680 domo
1134 656 1203 680 sua
1222 643 1350 679 facere

150 701 332 749 11113101111
364 699 583 736 dicebatur:
629 698 728 746 quod
757 698 867 734 nefas
900 704 980 733 erat
1007 709 1112 733 more
1143 695 1353 732 Athenien-

151 765 275 797 3111111;
317 752 432 799 idque
465 764 542 788 non
562 751 610 787 ad
636 751 875 799 religionem,
897 750 966 786 sed
987 749 1034 785 ad
1054 748 1352 798 conjurationem

149 805 340 854 pertinere
363 804 658 841 existimabatur.

203 857 273 894 IV.
305 857 392 893 Hoc
422 857 580 892 crimine
610 856 648 892 in
676 855 863 892 concione
885 855 930 891 ab
960 854 1126 890 inimicis
1148 852 1353 901 compella-

149 910 268 945 batur.
326 909 406 945 Sed
440 909 604 945 instabat
636 915 785 957 tempus
817 907 864 944 ad
893 907 1034 943 bellum
1067 904 1351 955 proficiscendi.

151 962 196 998 Id
224 961 474 1005 ille—intuens,
494 973 618 1008 neque
648 961 828 1009 ignorans
850 959 991 996 civium
1019 971 1172 995 suorum
1192 969 1353 994 consue—

149 1013 331 1059 tudinem,
350 1014 576 1071 postulabat,
597 1013 631 1049 si
651 1013 741 1060 quid
760 1012 807 1048 de
829 1025 871 1049 se
894 1012 956 1061 agi
983 1012 1138 1056 vellent,
1158 1010 1283 1058 potius
1305 1009 1353 1046 de

149 1073 336 1115 praesente
357 1066 513 1114 quaestio
546 1065 762 1110 haberetur,
784 1078 895 1112 quam
923 1066 1062 1101 absens
1096 1063 1248 1100 invidiae
1283 1062 1355 1098 cri—

150 1119 252 1155 mine
282 1127 538 1155 accusaretur.
595 1118 747 1154 Inimici
767 1130 857 1154 1010
892 1118 974 1166 ejus
1005 1115 1281 1165 quiescendum
1314 1114 1354 1150 111

150 1171 341 1220 praesenti,
373 1171 462 1219 quia
480 1170 612 1207 noceri
640 1183 717 1206 non
749 1182 865 1218 posse
895 1169 1171 1218 intelligebant,
1193 1174 1230 1204 et
1261 1166 1356 1203 illud

152 1231 298 1273 tempus
326 1223 627 1272 exspectandum
659 1223 922 1267 (1001ηο10111111,
951 1234 1023 1270 quo
1044 1221 1202 1265 exisset,
1222 1227 1263 1256 ut
1295 1220 1353 1256 3ἐο

152 1277 348 1313 absentem
376 1276 695 1324 aggrederentur:
727 1275 852 1333 itaque
882 1274 1067 1311 fecerunt.
1123 1273 1225 1309 Nam
1252 1278 1354 1321 post-

152 1341 263 1375 quam
281 1329 321 1365 in
342 1328 519 1365 Siciliam
534 1341 621 1364 eum
632 1341 723 1377 peri
729 1328 858 1364 enisse
874 1326 1129 1371 erediderunt,
1144 1326 1354 1368 absentem,

152 1381 252 1436 quod
280 1393 390 1416 sacra
408 1380 605 1425 violasset,
633 1393 738 1416 reum
765 1380 950 1416 fecerunt.
1008 1379 1094 1421 Qua
1114 1355 1160 1414 de
1181 1390 1222 1414 re
1242 1389 1356 1425 quum

155 1445 190 1468 01
209 1432 362 1468 nuntius
384 1445 406 1468 a
423 1433 645 1480 magistratu
671 1433 711 1468 in
739 1432 915 1468 Siciliam
932 1431 1074 1468 missus
1096 1438 1212 1475 esset,
1231 1437 1272 1466 ut
1291 1429 1355 1466 do-

154 1496 255 1520 mum
285 1484 332 1520 ad
353 1496 508 1520 causam
537 1484 738 1520 dicendam
757 1484 910 1528 rediret,
941 1490 1120 1530 essetque
1150 1483 1192 1518 in
1217 1494 1357 1530 magna

154 1549 223 1585 spe
243 1536 450 1585 provinciae
478 1536 576 1572 bene
607 1513 912 1572 administrandae⁵
929 1550 936 1579 ;
972 1547 1049 1571 non
1068 1547 1202 1583 parere
1222 1534 1355 1578 noluit,

155 1596 193 1624 et
222 1589 262 1624 in
281 1589 485 1633 triremem,
506 1600 586 1636 quae
621 1588 668 1624 ad
699 1601 786 1624 011111
806 1587 1080 1636 deportandum
1113 1593 1193 1623 erat
1224 1586 1356 1631 missa,

155 1640 366 1677 adscendit.
423 1640 510 1677 Hac
540 1640 707 1677 Thurios
737 1641 777 1676 in
806 1640 956 1677 Italiam
989 1646 1206 1688 pervectus,
1239 1638 1357 1675 multa

154 1705 286 1729 secum
317 1699 496 1741 reputans
518 1692 565 1729 de
594 1692 840 1729 immoderata
862 1692 1002 1728 civium
1020 1704 1172 1728 suorum
1199 1691 1357 1728 licentia

155 1745 450 1793 crudelitateque
481 1758 573 1794 erga
603 1745 767 1790 nobiles,
786 1745 1031 1781 utilissimum
1063 1751 1179 1788 ratus,
1210 1743 1356 1792 impen-

154 1798 306 1834 dentem
326 1798 468 1834 evitare
499 1804 776 1846 tempestatem,
798 1798 896 1834 clam
923 1809 966 1833 30
988 1810 1009 1833 0
1029 1796 1249 1833 custodibus
1270 1796 1356 1832 sub-

155 1850 270 1895 duxit,
301 1857 339 1887 et
370 1849 459 1886 inde
492 1850 653 1898 primum
686 1849 853 1895 Elidem,
887 1849 1026 1886 deinde
1061 1849 1218 1886 Thebas
1238 1847 1354 1884 venit.

156 1902 361 1950 Postquam
380 1909 504 1939 autem
533 1915 575 1938 se
597 1901 732 1951 capitis
753 1902 980 1947 damnatum,
999 1902 1109 1938 bonis
1137 1900 1355 1950 publicatis,

155 1955 308 2000 audivit,
330 1961 379 1999 et,
407 1954 447 1990 id
478 1954 578 2002 quod
609 1967 682 1990 usu
700 1962 868 1999 venerat,
899 1954 1149 2003 Eumolpidas
1178 1953 1356 1990 sacerdo-

153 2014 213 2043 tes
234 2020 256 2043 a
287 2007 426 2056 populo
448 2014 616 2051 coactOS,
635 2015 676 2043 ut
708 2019 750 2043 se
780 2007 1022 2051 devoverent,
1053 2007 1208 2055 ejusque
1243 2005 1356 2042 devo-

155 2059 283 2104 tionis,
303 2071 376 2107 quo
391 2059 564 2095 testatior
594 2066 700 2095 esset
727 2059 922 2102 memoria,
943 2059 1172 2107 exemplum,
1206 2058 1246 2093 in
1276 2058 1357 2106 pila

155 2111 308 2159 lapidea
319 2111 495 2155 incisum,
512 2124 601 2147 esse
614 2111 780 2159 positum
799 2111 838 2147 in
857 2111 1024 2159 publico,
1038 2110 1356 2147 Lacedaemonem

156 2163 394 2211 demigravit.
449 2163 521 2208 Ibi,
554 2171 595 2199 ut
626 2163 711 2212 ipse
743 2163 952 2212 praedicare
984 2169 1246 2206 consueverat,
1279 2173 1356 2198 non

157 2215 339 2250 adversus
359 2215 529 2263 patriam,
550 2215 620 2251 sed
638 2215 815 2252 inimicos
837 2227 926 2251 suos
946 2215 1090 2251 bellum
1109 2214 1244 2262 cressit,
1256 2214 1357 2261 quod
1397 2236 1401 2241 -

158 2268 184 2303 11
174 2267 274 2302 ¹dem
306 2266 438 2302 hostes
459 2274 591 2303 essent
610 2267 765 2303 civitati
823 2267 925 2303 Nam
943 2279 1057 2314 quum
1084 2266 1356 2324 intelligerent,

158 2332 200 2355 se
222 2331 260 2367 pi
249 2319 423 2354 urimum
441 2319 627 2366 prodesse
646 2331 762 2366 posse
783 2318 1017 2366 reipublicae,
1038 2330 1087 2354 ex
1107 2330 1154 2353 ea
1173 2318 1342 2376 ejecisse

160 2371 316 2420 plusque
354 2370 418 2406 irae
456 2382 545 2413 suae,
581 2382 693 2417 quam
732 2370 884 2406 utilitati
932 2370 1121 2406 communi
1165 2370 1355 2417 paruisse.

161 2423 288 2471 [taque
308 2422 419 2471 hujus
442 2421 603 2459 conszlio
626 2421 908 2458 Lacedaemonii
928 2434 1015 2457 cum
1041 2422 1245 2458 Persarum
1263 2434 1354 2470 rege

160 2475 364 2512 amicitiam
384 2474 578 2518 fecerunt3
609 2473 748 2510 deinde
778 2473 989 2510 Deceleam
1008 2473 1047 2510 in
1066 2474 1194 2510 Attica
1210 2475 1356 2511 munie-
