<?xml version="1.0" encoding="UTF-8"?>
<!DOCTYPE html PUBLIC "-//W3C//DTD XHTML 1.0 Transitional//EN"
    "http://www.w3.org/TR/xhtml1/DTD/xhtml1-transitional.dtd">
<html xmlns="http://www.w3.org/1999/xhtml" xml:lang="en" lang="en">
 <head>
  <title>
</title>
<meta http-equiv="Content-Type" content="text/html;charset=utf-8" />
  <meta name='ocr-system' content='tesseract 3.04.00' />
  <meta name='ocr-capabilities' content='ocr_page ocr_carea ocr_par ocr_line ocrx_word'/>
</head>
<body>
  <div class='ocr_page' id='page_1' title='image "./corneliusneposs00nepouoft_0115.png"; bbox 0 0 1651 2790; ppageno 0'>
   <div class='ocr_carea' id='block_1_1' title="bbox 317 227 1407 281">
    <p class='ocr_par' dir='ltr' id='par_1_1' title="bbox 317 227 1407 281">
     <span class='ocr_line' id='line_1_1' title="bbox 317 227 1407 281; baseline -0.001 -13"><span class='ocrx_word' id='word_1_1' title='bbox 317 227 459 268; x_wconf 84' lang='lat' dir='ltr'>XXV.</span> <span class='ocrx_word' id='word_1_2' title='bbox 521 232 580 275; x_wconf 93' lang='grc'>11,</span> <span class='ocrx_word' id='word_1_3' title='bbox 609 232 668 268; x_wconf 77' lang='lat'>12.</span> <span class='ocrx_word' id='word_1_4' title='bbox 727 227 794 281; x_wconf 85' lang='lat' dir='ltr'>(T.</span> <span class='ocrx_word' id='word_1_5' title='bbox 819 227 1077 280; x_wconf 70' lang='lat' dir='ltr'><em>Pomponius</em></span> <span class='ocrx_word' id='word_1_6' title='bbox 1099 227 1292 279; x_wconf 68' lang='lat' dir='ltr'>Atticus.)</span> <span class='ocrx_word' id='word_1_7' title='bbox 1331 232 1407 267; x_wconf 82' lang='lat'>103</span> 
     </span>
    </p>
   </div>
   <div class='ocr_carea' id='block_1_2' title="bbox 198 328 1417 2525">
    <p class='ocr_par' dir='ltr' id='par_1_2' title="bbox 199 328 1410 904">
     <span class='ocr_line' id='line_1_2' title="bbox 203 328 1410 379; baseline -0.002 -13"><span class='ocrx_word' id='word_1_8' title='bbox 203 329 249 366; x_wconf 87' lang='lat' dir='ltr'>de</span> <span class='ocrx_word' id='word_1_9' title='bbox 276 330 572 379; x_wconf 78' lang='lat' dir='ltr'>proscriptorum</span> <span class='ocrx_word' id='word_1_10' title='bbox 594 341 752 366; x_wconf 86' lang='lat' dir='ltr'>numero</span> <span class='ocrx_word' id='word_1_11' title='bbox 781 341 982 366; x_wconf 80' lang='lat' dir='ltr'>exemisse.</span> <span class='ocrx_word' id='word_1_12' title='bbox 1044 329 1116 373; x_wconf 73' lang='lat' dir='ltr'>Ac,</span> <span class='ocrx_word' id='word_1_13' title='bbox 1137 341 1184 365; x_wconf 90' lang='lat' dir='ltr'>ne</span> <span class='ocrx_word' id='word_1_14' title='bbox 1205 328 1303 378; x_wconf 89' lang='lat' dir='ltr'>quod</span> <span class='ocrx_word' id='word_1_15' title='bbox 1333 328 1410 378; x_wconf 87' lang='lat' dir='ltr'>[in]</span> 
     </span>
     <span class='ocr_line' id='line_1_3' title="bbox 202 381 1410 432; baseline -0.002 -14"><span class='ocrx_word' id='word_1_16' title='bbox 202 382 419 432; x_wconf 90' lang='lat' dir='ltr'>periculum</span> <span class='ocrx_word' id='word_1_17' title='bbox 449 382 644 426; x_wconf 87' lang='lat' dir='ltr'>incideret,</span> <span class='ocrx_word' id='word_1_18' title='bbox 677 381 776 430; x_wconf 92' lang='lat' dir='ltr'>quod</span> <span class='ocrx_word' id='word_1_19' title='bbox 811 387 925 418; x_wconf 88' lang='lat' dir='ltr'>noctu</span> <span class='ocrx_word' id='word_1_20' title='bbox 959 381 1085 425; x_wconf 86' lang='lat' dir='ltr'>fiebat,</span> <span class='ocrx_word' id='word_1_21' title='bbox 1122 381 1340 430; x_wconf 73' lang='lat' dir='ltr'>praesidinm</span> <span class='ocrx_word' id='word_1_22' title='bbox 1375 382 1410 417; x_wconf 80' lang='lat' dir='ltr'>ei</span> 
     </span>
     <span class='ocr_line' id='line_1_4' title="bbox 202 433 1407 477; baseline -0.002 -7"><span class='ocrx_word' id='word_1_23' title='bbox 202 435 316 471; x_wconf 86' lang='lat' dir='ltr'>misit.</span> <span class='ocrx_word' id='word_1_24' title='bbox 359 434 425 471; x_wconf 86' lang='lat' dir='ltr'>Sic</span> <span class='ocrx_word' id='word_1_25' title='bbox 445 435 600 471; x_wconf 87' lang='lat' dir='ltr'>Atticus</span> <span class='ocrx_word' id='word_1_26' title='bbox 620 435 657 470; x_wconf 90' lang='lat' dir='ltr'>in</span> <span class='ocrx_word' id='word_1_27' title='bbox 680 447 829 471; x_wconf 88' lang='lat' dir='ltr'>summo</span> <span class='ocrx_word' id='word_1_28' title='bbox 845 434 978 470; x_wconf 85' lang='lat' dir='ltr'>timore</span> <span class='ocrx_word' id='word_1_29' title='bbox 999 446 1073 470; x_wconf 88' lang='lat' dir='ltr'>non</span> <span class='ocrx_word' id='word_1_30' title='bbox 1094 433 1217 469; x_wconf 87' lang='lat' dir='ltr'>solum</span> <span class='ocrx_word' id='word_1_31' title='bbox 1238 434 1320 477; x_wconf 87' lang='lat' dir='ltr'>sibi,</span> <span class='ocrx_word' id='word_1_32' title='bbox 1343 433 1407 469; x_wconf 88' lang='lat' dir='ltr'>sed</span> 
     </span>
     <span class='ocr_line' id='line_1_5' title="bbox 201 484 1408 535; baseline -0.001 -12"><span class='ocrx_word' id='word_1_33' title='bbox 201 488 315 524; x_wconf 85' lang='lat' dir='ltr'>etiam</span> <span class='ocrx_word' id='word_1_34' title='bbox 335 487 382 531; x_wconf 92' lang='lat' dir='ltr'>ei,</span> <span class='ocrx_word' id='word_1_35' title='bbox 404 499 518 535; x_wconf 89' lang='lat' dir='ltr'>quem</span> <span class='ocrx_word' id='word_1_36' title='bbox 540 487 783 523; x_wconf 85' lang='lat' dir='ltr'>carissimum</span> <span class='ocrx_word' id='word_1_37' title='bbox 804 486 980 531; x_wconf 84' lang='lat' dir='ltr'>habebat,</span> <span class='ocrx_word' id='word_1_38' title='bbox 1003 485 1178 535; x_wconf 81' lang='lat' dir='ltr'>praesidio</span> <span class='ocrx_word' id='word_1_39' title='bbox 1198 484 1282 521; x_wconf 88' lang='lat' dir='ltr'>fuit.</span> <span class='ocrx_word' id='word_1_40' title='bbox 1332 486 1408 522; x_wconf 89' lang='lat' dir='ltr'>Nc-</span> 
     </span>
     <span class='ocr_line' id='line_1_6' title="bbox 200 538 1408 588; baseline -0.002 -12"><span class='ocrx_word' id='word_1_41' title='bbox 200 552 276 588; x_wconf 89' lang='lat' dir='ltr'>que</span> <span class='ocrx_word' id='word_1_42' title='bbox 296 540 398 576; x_wconf 86' lang='lat' dir='ltr'>enim</span> <span class='ocrx_word' id='word_1_43' title='bbox 422 551 500 576; x_wconf 81' lang='lat' dir='ltr'>suae</span> <span class='ocrx_word' id='word_1_44' title='bbox 521 539 642 576; x_wconf 85' lang='lat' dir='ltr'>solum</span> <span class='ocrx_word' id='word_1_45' title='bbox 664 552 685 576; x_wconf 84' lang='lat' dir='ltr'>a</span> <span class='ocrx_word' id='word_1_46' title='bbox 705 551 898 588; x_wconf 87' lang='lat' dir='ltr'>quoquam</span> <span class='ocrx_word' id='word_1_47' title='bbox 928 539 1117 576; x_wconf 82' lang='lat' dir='ltr'>auxilium</span> <span class='ocrx_word' id='word_1_48' title='bbox 1137 538 1243 587; x_wconf 84' lang='lat' dir='ltr'>petiit</span> <span class='ocrx_word' id='word_1_49' title='bbox 1263 538 1408 581; x_wconf 83' lang='lat' dir='ltr'>salutis,</span> 
     </span>
     <span class='ocr_line' id='line_1_7' title="bbox 200 590 1409 640; baseline -0.002 -12"><span class='ocrx_word' id='word_1_50' title='bbox 200 591 265 628; x_wconf 91' lang='lat' dir='ltr'>sed</span> <span class='ocrx_word' id='word_1_51' title='bbox 287 592 542 640; x_wconf 89' lang='lat' dir='ltr'>conjunctim:</span> <span class='ocrx_word' id='word_1_52' title='bbox 574 598 615 628; x_wconf 91' lang='lat' dir='ltr'>ut</span> <span class='ocrx_word' id='word_1_53' title='bbox 635 598 846 640; x_wconf 78' lang='lat' dir='ltr'>appareret,</span> <span class='ocrx_word' id='word_1_54' title='bbox 869 591 1015 627; x_wconf 88' lang='lat' dir='ltr'>nullam</span> <span class='ocrx_word' id='word_1_55' title='bbox 1036 597 1251 638; x_wconf 67' lang='lat' dir='ltr'>sejunctam</span> <span class='ocrx_word' id='word_1_56' title='bbox 1271 590 1341 626; x_wconf 83' lang='lat' dir='ltr'>sibi</span> <span class='ocrx_word' id='word_1_57' title='bbox 1363 591 1409 626; x_wconf 82' lang='lat' dir='ltr'>ab</span> 
     </span>
     <span class='ocr_line' id='line_1_8' title="bbox 200 642 1408 693; baseline -0.002 -12"><span class='ocrx_word' id='word_1_58' title='bbox 200 656 246 681; x_wconf 87' lang='lat' dir='ltr'>eo</span> <span class='ocrx_word' id='word_1_59' title='bbox 261 644 358 681; x_wconf 82' lang='lat' dir='ltr'>velie</span> <span class='ocrx_word' id='word_1_60' title='bbox 380 643 582 682; x_wconf 85' lang='lat' dir='ltr'>fortunam.</span> <span class='ocrx_word' id='word_1_61' title='bbox 641 644 754 686; x_wconf 81' lang='lat' dir='ltr'>Quod</span> <span class='ocrx_word' id='word_1_62' title='bbox 774 644 805 679; x_wconf 85' lang='lat' dir='ltr'>si</span> <span class='ocrx_word' id='word_1_63' title='bbox 825 644 1058 693; x_wconf 81' lang='lat' dir='ltr'>gubernator</span> <span class='ocrx_word' id='word_1_64' title='bbox 1079 643 1274 691; x_wconf 79' lang='lat' dir='ltr'>praecipua</span> <span class='ocrx_word' id='word_1_65' title='bbox 1295 642 1408 678; x_wconf 87' lang='lat' dir='ltr'>laude</span> 
     </span>
     <span class='ocr_line' id='line_1_9' title="bbox 201 694 1407 746; baseline -0.002 -13"><span class='ocrx_word' id='word_1_66' title='bbox 201 695 335 741; x_wconf 86' lang='lat' dir='ltr'>fertur,</span> <span class='ocrx_word' id='word_1_67' title='bbox 356 696 423 746; x_wconf 92' lang='lat' dir='ltr'>qui</span> <span class='ocrx_word' id='word_1_68' title='bbox 454 709 593 733; x_wconf 83' lang='lat' dir='ltr'>navem</span> <span class='ocrx_word' id='word_1_69' title='bbox 614 709 662 732; x_wconf 76' lang='lat' dir='ltr'>ex</span> <span class='ocrx_word' id='word_1_70' title='bbox 697 696 822 732; x_wconf 88' lang='lat' dir='ltr'>hieme</span> <span class='ocrx_word' id='word_1_71' title='bbox 844 696 1018 744; x_wconf 86' lang='lat' dir='ltr'>marique</span> <span class='ocrx_word' id='word_1_72' title='bbox 1034 694 1233 744; x_wconf 91' lang='lat' dir='ltr'>scopuloso</span> <span class='ocrx_word' id='word_1_73' title='bbox 1259 702 1407 731; x_wconf 80' lang='lat' dir='ltr'>servat:</span> 
     </span>
     <span class='ocr_line' id='line_1_10' title="bbox 201 747 1408 798; baseline -0.003 -12"><span class='ocrx_word' id='word_1_74' title='bbox 201 761 273 787; x_wconf 86' lang='lat' dir='ltr'>cur</span> <span class='ocrx_word' id='word_1_75' title='bbox 302 761 377 786; x_wconf 90' lang='lat' dir='ltr'>non</span> <span class='ocrx_word' id='word_1_76' title='bbox 408 749 618 798; x_wconf 85' lang='lat' dir='ltr'>singularis</span> <span class='ocrx_word' id='word_1_77' title='bbox 650 749 734 798; x_wconf 87' lang='lat' dir='ltr'>ejus</span> <span class='ocrx_word' id='word_1_78' title='bbox 767 749 1005 785; x_wconf 77' lang='lat' dir='ltr'>existimetur</span> <span class='ocrx_word' id='word_1_79' title='bbox 1035 747 1246 797; x_wconf 63' lang='lat' dir='ltr'>prudentia,</span> <span class='ocrx_word' id='word_1_80' title='bbox 1267 747 1333 795; x_wconf 89' lang='lat' dir='ltr'>qui</span> <span class='ocrx_word' id='word_1_81' title='bbox 1362 759 1408 783; x_wconf 80' lang='lat' dir='ltr'>ex</span> 
     </span>
     <span class='ocr_line' id='line_1_11' title="bbox 199 799 1408 851; baseline -0.003 -13"><span class='ocrx_word' id='word_1_82' title='bbox 199 807 251 838; x_wconf 86' lang='lat' dir='ltr'>tot</span> <span class='ocrx_word' id='word_1_83' title='bbox 271 808 424 850; x_wconf 88' lang='lat' dir='ltr'>tamque</span> <span class='ocrx_word' id='word_1_84' title='bbox 440 802 625 851; x_wconf 85' lang='lat' dir='ltr'>gravibus</span> <span class='ocrx_word' id='word_1_85' title='bbox 646 801 823 850; x_wconf 85' lang='lat' dir='ltr'>procellis</span> <span class='ocrx_word' id='word_1_86' title='bbox 843 800 1021 837; x_wconf 89' lang='lat' dir='ltr'>civilibus</span> <span class='ocrx_word' id='word_1_87' title='bbox 1041 799 1086 836; x_wconf 86' lang='lat' dir='ltr'>ad</span> <span class='ocrx_word' id='word_1_88' title='bbox 1109 800 1408 836; x_wconf 72' lang='lat' dir='ltr'>incolumitatem</span> 
     </span>
     <span class='ocr_line' id='line_1_12' title="bbox 200 854 401 904; baseline -0.01 -13"><span class='ocrx_word' id='word_1_89' title='bbox 200 854 372 904; x_wconf 82' lang='lat' dir='ltr'>pervenit</span> <span class='ocrx_word' id='word_1_90' title='bbox 385 854 401 890; x_wconf 78' lang='grc' dir='ltr'>’.ῑ</span> 
     </span>
    </p>

    <p class='ocr_par' dir='ltr' id='par_1_3' title="bbox 198 903 1412 2211">
     <span class='ocr_line' id='line_1_13' title="bbox 253 903 1406 954; baseline -0.003 -11"><span class='ocrx_word' id='word_1_91' title='bbox 253 906 321 944; x_wconf 88' lang='lat' dir='ltr'>Xl.</span> <span class='ocrx_word' id='word_1_92' title='bbox 352 906 505 948; x_wconf 82' lang='lat' dir='ltr'>Quibus</span> <span class='ocrx_word' id='word_1_93' title='bbox 524 919 571 942; x_wconf 83' lang='lat' dir='ltr'>ex</span> <span class='ocrx_word' id='word_1_94' title='bbox 592 906 703 942; x_wconf 84' lang='lat' dir='ltr'>malis</span> <span class='ocrx_word' id='word_1_95' title='bbox 724 912 764 942; x_wconf 89' lang='lat' dir='ltr'>ut</span> <span class='ocrx_word' id='word_1_96' title='bbox 783 918 823 942; x_wconf 86' lang='lat' dir='ltr'>se</span> <span class='ocrx_word' id='word_1_97' title='bbox 844 912 1062 950; x_wconf 77' lang='lat' dir='ltr'>emerserat,</span> <span class='ocrx_word' id='word_1_98' title='bbox 1078 904 1171 941; x_wconf 80' lang='lat' dir='ltr'>nihil</span> <span class='ocrx_word' id='word_1_99' title='bbox 1193 903 1297 940; x_wconf 88' lang='lat' dir='ltr'>aliud</span> <span class='ocrx_word' id='word_1_100' title='bbox 1318 904 1406 954; x_wconf 82' lang='lat' dir='ltr'>egit,</span> 
     </span>
     <span class='ocr_line' id='line_1_14' title="bbox 198 957 1406 1008; baseline -0.003 -12"><span class='ocrx_word' id='word_1_101' title='bbox 198 971 315 1008; x_wconf 91' lang='lat' dir='ltr'>quam</span> <span class='ocrx_word' id='word_1_102' title='bbox 349 966 390 996; x_wconf 87' lang='lat' dir='ltr'>ut</span> <span class='ocrx_word' id='word_1_103' title='bbox 423 959 610 1008; x_wconf 81' lang='lat' dir='ltr'>plurimis,</span> <span class='ocrx_word' id='word_1_104' title='bbox 633 959 771 1008; x_wconf 89' lang='lat' dir='ltr'>quibus</span> <span class='ocrx_word' id='word_1_105' title='bbox 806 958 920 994; x_wconf 90' lang='lat' dir='ltr'>rebus</span> <span class='ocrx_word' id='word_1_106' title='bbox 953 964 1087 1006; x_wconf 85' lang='lat' dir='ltr'>posset,</span> <span class='ocrx_word' id='word_1_107' title='bbox 1118 963 1216 994; x_wconf 87' lang='lat' dir='ltr'>esset</span> <span class='ocrx_word' id='word_1_108' title='bbox 1249 957 1406 993; x_wconf 81' lang='lat' dir='ltr'>auxilio.</span> 
     </span>
     <span class='ocr_line' id='line_1_15' title="bbox 199 1009 1407 1061; baseline -0.003 -13"><span class='ocrx_word' id='word_1_109' title='bbox 199 1011 333 1054; x_wconf 81' lang='lat' dir='ltr'>Quum</span> <span class='ocrx_word' id='word_1_110' title='bbox 354 1012 581 1061; x_wconf 87' lang='lat' dir='ltr'>proscriptos</span> <span class='ocrx_word' id='word_1_111' title='bbox 602 1011 766 1060; x_wconf 70' lang='lat' dir='ltr'>praemiis</span> <span class='ocrx_word' id='word_1_112' title='bbox 795 1011 1064 1059; x_wconf 89' lang='lat' dir='ltr'>imperatorum</span> <span class='ocrx_word' id='word_1_113' title='bbox 1094 1009 1234 1059; x_wconf 80' lang='lat' dir='ltr'>vulgus</span> <span class='ocrx_word' id='word_1_114' title='bbox 1254 1009 1407 1058; x_wconf 88' lang='lat' dir='ltr'>conqui-</span> 
     </span>
     <span class='ocr_line' id='line_1_16' title="bbox 199 1061 1407 1113; baseline -0.002 -13"><span class='ocrx_word' id='word_1_115' title='bbox 199 1070 310 1109; x_wconf 85' lang='lat' dir='ltr'>reret,</span> <span class='ocrx_word' id='word_1_116' title='bbox 332 1076 443 1100; x_wconf 90' lang='lat' dir='ltr'>nemo</span> <span class='ocrx_word' id='word_1_117' title='bbox 463 1064 502 1100; x_wconf 90' lang='lat' dir='ltr'>in</span> <span class='ocrx_word' id='word_1_118' title='bbox 523 1063 686 1113; x_wconf 89' lang='lat' dir='ltr'>Epirum</span> <span class='ocrx_word' id='word_1_119' title='bbox 707 1064 821 1107; x_wconf 87' lang='lat' dir='ltr'>venit,</span> <span class='ocrx_word' id='word_1_120' title='bbox 843 1063 907 1099; x_wconf 87' lang='lat' dir='ltr'>cui</span> <span class='ocrx_word' id='word_1_121' title='bbox 934 1075 995 1099; x_wconf 90' lang='lat' dir='ltr'>res</span> <span class='ocrx_word' id='word_1_122' title='bbox 1015 1062 1096 1098; x_wconf 86' lang='lat' dir='ltr'>ulla</span> <span class='ocrx_word' id='word_1_123' title='bbox 1122 1061 1311 1108; x_wconf 78' lang='lat' dir='ltr'>defuerit3</span> <span class='ocrx_word' id='word_1_124' title='bbox 1344 1074 1407 1098; x_wconf 91' lang='lat' dir='ltr'>ne-</span> 
     </span>
     <span class='ocr_line' id='line_1_17' title="bbox 199 1113 1408 1165; baseline -0.001 -13"><span class='ocrx_word' id='word_1_125' title='bbox 199 1117 294 1153; x_wconf 89' lang='lat' dir='ltr'>mini</span> <span class='ocrx_word' id='word_1_126' title='bbox 313 1129 387 1152; x_wconf 89' lang='lat' dir='ltr'>non</span> <span class='ocrx_word' id='word_1_127' title='bbox 406 1116 467 1152; x_wconf 74' lang='lat' dir='ltr'>ibi‘</span> <span class='ocrx_word' id='word_1_128' title='bbox 479 1123 660 1165; x_wconf 88' lang='lat' dir='ltr'>perpetuo</span> <span class='ocrx_word' id='word_1_129' title='bbox 682 1115 859 1152; x_wconf 88' lang='lat' dir='ltr'>manendi</span> <span class='ocrx_word' id='word_1_130' title='bbox 887 1121 1049 1164; x_wconf 88' lang='lat' dir='ltr'>potestas</span> <span class='ocrx_word' id='word_1_131' title='bbox 1078 1114 1180 1150; x_wconf 85' lang='lat' dir='ltr'>facta</span> <span class='ocrx_word' id='word_1_132' title='bbox 1202 1120 1270 1150; x_wconf 90' lang='lat' dir='ltr'>est.</span> <span class='ocrx_word' id='word_1_133' title='bbox 1328 1113 1408 1156; x_wconf 80' lang='lat' dir='ltr'>Qui</span> 
     </span>
     <span class='ocr_line' id='line_1_18' title="bbox 199 1166 1405 1219; baseline -0.002 -14"><span class='ocrx_word' id='word_1_134' title='bbox 199 1170 315 1206; x_wconf 87' lang='lat' dir='ltr'>etiam</span> <span class='ocrx_word' id='word_1_135' title='bbox 335 1175 417 1219; x_wconf 87' lang='lat' dir='ltr'>post</span> <span class='ocrx_word' id='word_1_136' title='bbox 449 1169 630 1218; x_wconf 87' lang='lat' dir='ltr'>proelium</span> <span class='ocrx_word' id='word_1_137' title='bbox 659 1169 902 1217; x_wconf 84' lang='lat' dir='ltr'>Philippense</span> <span class='ocrx_word' id='word_1_138' title='bbox 923 1168 1192 1215; x_wconf 78' lang='lat' dir='ltr'>interitumque</span> <span class='ocrx_word' id='word_1_139' title='bbox 1212 1167 1258 1203; x_wconf 89' lang='lat' dir='ltr'>C.</span> <span class='ocrx_word' id='word_1_140' title='bbox 1280 1166 1405 1204; x_wconf 84' lang='lat' dir='ltr'>Cassii</span> 
     </span>
     <span class='ocr_line' id='line_1_19' title="bbox 199 1218 1408 1268; baseline -0.002 -10"><span class='ocrx_word' id='word_1_141' title='bbox 199 1228 237 1258; x_wconf 88' lang='lat' dir='ltr'>ct</span> <span class='ocrx_word' id='word_1_142' title='bbox 270 1221 324 1258; x_wconf 91' lang='lat' dir='ltr'>M.</span> <span class='ocrx_word' id='word_1_143' title='bbox 355 1221 466 1258; x_wconf 83' lang='lat' dir='ltr'>Bruti</span> <span class='ocrx_word' id='word_1_144' title='bbox 495 1220 543 1258; x_wconf 93' lang='lat' dir='ltr'>L.</span> <span class='ocrx_word' id='word_1_145' title='bbox 572 1221 720 1258; x_wconf 89' lang='lat' dir='ltr'>Julium</span> <span class='ocrx_word' id='word_1_146' title='bbox 755 1220 964 1265; x_wconf 82' lang='lat' dir='ltr'>Mocillam,</span> <span class='ocrx_word' id='word_1_147' title='bbox 998 1220 1228 1268; x_wconf 84' lang='lat' dir='ltr'>praetorium,</span> <span class='ocrx_word' id='word_1_148' title='bbox 1259 1225 1296 1255; x_wconf 89' lang='lat' dir='ltr'>et</span> <span class='ocrx_word' id='word_1_149' title='bbox 1325 1218 1408 1267; x_wconf 75' lang='lat' dir='ltr'>eJ&#39;us</span> 
     </span>
     <span class='ocr_line' id='line_1_20' title="bbox 200 1270 1409 1323; baseline -0.002 -13"><span class='ocrx_word' id='word_1_150' title='bbox 200 1274 335 1318; x_wconf 87' lang='lat' dir='ltr'>filium,</span> <span class='ocrx_word' id='word_1_151' title='bbox 357 1274 583 1323; x_wconf 88' lang='lat' dir='ltr'>Aulumque</span> <span class='ocrx_word' id='word_1_152' title='bbox 615 1274 867 1322; x_wconf 76' lang='lat' dir='ltr'>Torquatum,</span> <span class='ocrx_word' id='word_1_153' title='bbox 890 1280 1112 1321; x_wconf 86' lang='lat' dir='ltr'>ceterosque</span> <span class='ocrx_word' id='word_1_154' title='bbox 1144 1272 1227 1321; x_wconf 88' lang='lat' dir='ltr'>pari</span> <span class='ocrx_word' id='word_1_155' title='bbox 1258 1270 1409 1308; x_wconf 83' lang='lat' dir='ltr'>fortuna</span> 
     </span>
     <span class='ocr_line' id='line_1_21' title="bbox 201 1324 1409 1375; baseline -0.003 -12"><span class='ocrx_word' id='word_1_156' title='bbox 201 1326 407 1375; x_wconf 87' lang='lat' dir='ltr'>perculsos,</span> <span class='ocrx_word' id='word_1_157' title='bbox 441 1327 646 1363; x_wconf 83' lang='lat' dir='ltr'>instituerit</span> <span class='ocrx_word' id='word_1_158' title='bbox 678 1326 793 1370; x_wconf 77' lang='lat' dir='ltr'>tuerI,</span> <span class='ocrx_word' id='word_1_159' title='bbox 826 1332 939 1374; x_wconf 90' lang='lat' dir='ltr'>atque</span> <span class='ocrx_word' id='word_1_160' title='bbox 974 1337 1021 1361; x_wconf 76' lang='lat' dir='ltr'>ex</span> <span class='ocrx_word' id='word_1_161' title='bbox 1056 1324 1175 1373; x_wconf 91' lang='lat' dir='ltr'>Epiro</span> <span class='ocrx_word' id='word_1_162' title='bbox 1205 1324 1264 1360; x_wconf 91' lang='lat' dir='ltr'>his</span> <span class='ocrx_word' id='word_1_163' title='bbox 1283 1324 1409 1360; x_wconf 84' lang='lat' dir='ltr'>omnia</span> 
     </span>
     <span class='ocr_line' id='line_1_22' title="bbox 201 1376 1410 1428; baseline -0.002 -14"><span class='ocrx_word' id='word_1_164' title='bbox 201 1378 506 1415; x_wconf 81' lang='lat' dir='ltr'>Samothraciam</span> <span class='ocrx_word' id='word_1_165' title='bbox 534 1379 749 1428; x_wconf 90' lang='lat' dir='ltr'>supportari</span> <span class='ocrx_word' id='word_1_166' title='bbox 769 1378 940 1427; x_wconf 87' lang='lat' dir='ltr'>jusserit.</span> <span class='ocrx_word' id='word_1_167' title='bbox 999 1376 1165 1413; x_wconf 87' lang='lat' dir='ltr'>Difficile</span> <span class='ocrx_word' id='word_1_168' title='bbox 1195 1382 1262 1420; x_wconf 88' lang='lat' dir='ltr'>est,</span> <span class='ocrx_word' id='word_1_169' title='bbox 1283 1377 1410 1412; x_wconf 87' lang='lat' dir='ltr'>omnia</span> 
     </span>
     <span class='ocr_line' id='line_1_23' title="bbox 202 1428 1408 1479; baseline -0.003 -12"><span class='ocrx_word' id='word_1_170' title='bbox 202 1431 391 1479; x_wconf 85' lang='lat' dir='ltr'>persequi,</span> <span class='ocrx_word' id='word_1_171' title='bbox 413 1437 450 1466; x_wconf 88' lang='lat' dir='ltr'>et</span> <span class='ocrx_word' id='word_1_172' title='bbox 478 1443 552 1467; x_wconf 87' lang='lat' dir='ltr'>non</span> <span class='ocrx_word' id='word_1_173' title='bbox 572 1431 846 1467; x_wconf 87' lang='lat' dir='ltr'>necessarium.</span> <span class='ocrx_word' id='word_1_174' title='bbox 903 1429 1004 1466; x_wconf 86' lang='lat' dir='ltr'>Illud</span> <span class='ocrx_word' id='word_1_175' title='bbox 1024 1441 1145 1465; x_wconf 87' lang='lat' dir='ltr'>unum</span> <span class='ocrx_word' id='word_1_176' title='bbox 1164 1428 1327 1477; x_wconf 82' lang='lat' dir='ltr'>intelligi</span> <span class='ocrx_word' id='word_1_177' title='bbox 1348 1441 1408 1464; x_wconf 84' lang='lat' dir='ltr'>vo-</span> 
     </span>
     <span class='ocr_line' id='line_1_24' title="bbox 203 1481 1408 1530; baseline -0.002 -12"><span class='ocrx_word' id='word_1_178' title='bbox 203 1482 344 1527; x_wconf 88' lang='lat' dir='ltr'>lumus,</span> <span class='ocrx_word' id='word_1_179' title='bbox 373 1483 477 1518; x_wconf 89' lang='lat' dir='ltr'>illius</span> <span class='ocrx_word' id='word_1_180' title='bbox 507 1483 777 1519; x_wconf 79' lang='lat' dir='ltr'>liberalitatem</span> <span class='ocrx_word' id='word_1_181' title='bbox 810 1494 934 1530; x_wconf 89' lang='lat' dir='ltr'>neque</span> <span class='ocrx_word' id='word_1_182' title='bbox 968 1481 1250 1529; x_wconf 72' lang='lat' dir='ltr'>temporariam,</span> <span class='ocrx_word' id='word_1_183' title='bbox 1286 1492 1408 1528; x_wconf 89' lang='lat' dir='ltr'>neque</span> 
     </span>
     <span class='ocr_line' id='line_1_25' title="bbox 203 1532 1408 1583; baseline -0.003 -12"><span class='ocrx_word' id='word_1_184' title='bbox 203 1535 384 1572; x_wconf 84' lang='lat' dir='ltr'>callidam</span> <span class='ocrx_word' id='word_1_185' title='bbox 406 1534 536 1571; x_wconf 88' lang='lat' dir='ltr'>fuisse.</span> <span class='ocrx_word' id='word_1_186' title='bbox 594 1534 634 1572; x_wconf 91' lang='lat' dir='ltr'>Id</span> <span class='ocrx_word' id='word_1_187' title='bbox 656 1547 703 1571; x_wconf 74' lang='lat' dir='ltr'>ex</span> <span class='ocrx_word' id='word_1_188' title='bbox 732 1534 824 1583; x_wconf 86' lang='lat' dir='ltr'>ipsis</span> <span class='ocrx_word' id='word_1_189' title='bbox 845 1535 960 1570; x_wconf 89' lang='lat' dir='ltr'>rebus</span> <span class='ocrx_word' id='word_1_190' title='bbox 988 1545 1035 1569; x_wconf 87' lang='lat' dir='ltr'>ac</span> <span class='ocrx_word' id='word_1_191' title='bbox 1054 1533 1286 1581; x_wconf 85' lang='lat' dir='ltr'>temporibus</span> <span class='ocrx_word' id='word_1_192' title='bbox 1309 1532 1408 1580; x_wconf 88' lang='lat' dir='ltr'>judi-</span> 
     </span>
     <span class='ocr_line' id='line_1_26' title="bbox 203 1584 1409 1637; baseline -0.003 -13"><span class='ocrx_word' id='word_1_193' title='bbox 203 1587 286 1624; x_wconf 87' lang='lat' dir='ltr'>cari</span> <span class='ocrx_word' id='word_1_194' title='bbox 306 1594 436 1637; x_wconf 87' lang='lat' dir='ltr'>potest,</span> <span class='ocrx_word' id='word_1_195' title='bbox 453 1587 553 1636; x_wconf 89' lang='lat' dir='ltr'>quod</span> <span class='ocrx_word' id='word_1_196' title='bbox 574 1599 647 1624; x_wconf 88' lang='lat' dir='ltr'>non</span> <span class='ocrx_word' id='word_1_197' title='bbox 667 1586 888 1623; x_wconf 87' lang='lat' dir='ltr'>florentibus</span> <span class='ocrx_word' id='word_1_198' title='bbox 907 1599 947 1622; x_wconf 86' lang='lat' dir='ltr'>se</span> <span class='ocrx_word' id='word_1_199' title='bbox 968 1584 1188 1629; x_wconf 82' lang='lat' dir='ltr'>venditavit,</span> <span class='ocrx_word' id='word_1_200' title='bbox 1210 1584 1276 1620; x_wconf 90' lang='lat' dir='ltr'>sed</span> <span class='ocrx_word' id='word_1_201' title='bbox 1293 1584 1409 1621; x_wconf 83' lang='lat' dir='ltr'>afflic-</span> 
     </span>
     <span class='ocr_line' id='line_1_27' title="bbox 203 1636 1408 1689; baseline -0.004 -13"><span class='ocrx_word' id='word_1_202' title='bbox 203 1640 250 1676; x_wconf 89' lang='lat' dir='ltr'>tis</span> <span class='ocrx_word' id='word_1_203' title='bbox 269 1652 420 1689; x_wconf 88' lang='lat' dir='ltr'>semper</span> <span class='ocrx_word' id='word_1_204' title='bbox 440 1641 656 1676; x_wconf 86' lang='lat' dir='ltr'>succurrit:</span> <span class='ocrx_word' id='word_1_205' title='bbox 686 1639 751 1688; x_wconf 86' lang='lat' dir='ltr'>qui</span> <span class='ocrx_word' id='word_1_206' title='bbox 771 1638 925 1687; x_wconf 90' lang='lat' dir='ltr'>quidem</span> <span class='ocrx_word' id='word_1_207' title='bbox 951 1637 1168 1682; x_wconf 83' lang='lat' dir='ltr'>Serviliam,</span> <span class='ocrx_word' id='word_1_208' title='bbox 1189 1636 1299 1673; x_wconf 89' lang='lat' dir='ltr'>Bruti</span> <span class='ocrx_word' id='word_1_209' title='bbox 1330 1648 1408 1672; x_wconf 89' lang='lat' dir='ltr'>ma-</span> 
     </span>
     <span class='ocr_line' id='line_1_28' title="bbox 203 1688 1408 1741; baseline -0.004 -12"><span class='ocrx_word' id='word_1_210' title='bbox 203 1698 311 1738; x_wconf 87' lang='lat' dir='ltr'>trem,</span> <span class='ocrx_word' id='word_1_211' title='bbox 332 1704 406 1728; x_wconf 92' lang='lat' dir='ltr'>non</span> <span class='ocrx_word' id='word_1_212' title='bbox 427 1692 552 1728; x_wconf 89' lang='lat' dir='ltr'>minus</span> <span class='ocrx_word' id='word_1_213' title='bbox 582 1699 663 1741; x_wconf 86' lang='lat' dir='ltr'>post</span> <span class='ocrx_word' id='word_1_214' title='bbox 686 1697 844 1728; x_wconf 86' lang='lat' dir='ltr'>mortem</span> <span class='ocrx_word' id='word_1_215' title='bbox 865 1691 959 1739; x_wconf 88' lang='lat' dir='ltr'>ejus,</span> <span class='ocrx_word' id='word_1_216' title='bbox 980 1702 1097 1739; x_wconf 86' lang='lat' dir='ltr'>quam</span> <span class='ocrx_word' id='word_1_217' title='bbox 1117 1690 1284 1734; x_wconf 87' lang='lat' dir='ltr'>florente,</span> <span class='ocrx_word' id='word_1_218' title='bbox 1306 1688 1408 1725; x_wconf 89' lang='lat' dir='ltr'>colu-</span> 
     </span>
     <span class='ocr_line' id='line_1_29' title="bbox 203 1741 1408 1790; baseline -0.003 -9"><span class='ocrx_word' id='word_1_219' title='bbox 203 1745 288 1781; x_wconf 88' lang='lat' dir='ltr'>erit.</span> <span class='ocrx_word' id='word_1_220' title='bbox 343 1744 410 1781; x_wconf 84' lang='lat' dir='ltr'>Sic</span> <span class='ocrx_word' id='word_1_221' title='bbox 445 1744 674 1781; x_wconf 87' lang='lat' dir='ltr'>liberalitate</span> <span class='ocrx_word' id='word_1_222' title='bbox 708 1750 819 1780; x_wconf 90' lang='lat' dir='ltr'>utens</span> <span class='ocrx_word' id='word_1_223' title='bbox 849 1743 978 1779; x_wconf 87' lang='lat' dir='ltr'>nullas</span> <span class='ocrx_word' id='word_1_224' title='bbox 1015 1742 1232 1778; x_wconf 88' lang='lat' dir='ltr'>inimicitias</span> <span class='ocrx_word' id='word_1_225' title='bbox 1269 1741 1408 1790; x_wconf 84' lang='lat' dir='ltr'>gessit:</span> 
     </span>
     <span class='ocr_line' id='line_1_30' title="bbox 203 1794 1409 1846; baseline -0.004 -12"><span class='ocrx_word' id='word_1_226' title='bbox 203 1796 304 1846; x_wconf 90' lang='lat' dir='ltr'>quod</span> <span class='ocrx_word' id='word_1_227' title='bbox 323 1809 448 1846; x_wconf 87' lang='lat' dir='ltr'>neque</span> <span class='ocrx_word' id='word_1_228' title='bbox 468 1797 629 1833; x_wconf 79' lang='lat' dir='ltr'>laedebat</span> <span class='ocrx_word' id='word_1_229' title='bbox 657 1808 902 1845; x_wconf 86' lang='lat' dir='ltr'>quemquam,</span> <span class='ocrx_word' id='word_1_230' title='bbox 924 1807 1061 1844; x_wconf 88' lang='lat' dir='ltr'>neque,</span> <span class='ocrx_word' id='word_1_231' title='bbox 1084 1795 1115 1830; x_wconf 89' lang='lat' dir='ltr'>si</span> <span class='ocrx_word' id='word_1_232' title='bbox 1141 1806 1258 1843; x_wconf 88' lang='lat' dir='ltr'>quam</span> <span class='ocrx_word' id='word_1_233' title='bbox 1277 1794 1409 1841; x_wconf 84' lang='lat' dir='ltr'>injuri-</span> 
     </span>
     <span class='ocr_line' id='line_1_31' title="bbox 205 1845 1410 1898; baseline -0.004 -12"><span class='ocrx_word' id='word_1_234' title='bbox 205 1862 269 1886; x_wconf 87' lang='lat' dir='ltr'>am</span> <span class='ocrx_word' id='word_1_235' title='bbox 302 1855 518 1898; x_wconf 88' lang='lat' dir='ltr'>acceperat,</span> <span class='ocrx_word' id='word_1_236' title='bbox 540 1849 707 1885; x_wconf 88' lang='lat' dir='ltr'>malebat</span> <span class='ocrx_word' id='word_1_237' title='bbox 742 1848 891 1893; x_wconf 86' lang='lat' dir='ltr'>ulcisci,</span> <span class='ocrx_word' id='word_1_238' title='bbox 913 1859 1029 1896; x_wconf 90' lang='lat' dir='ltr'>quam</span> <span class='ocrx_word' id='word_1_239' title='bbox 1062 1846 1249 1883; x_wconf 84' lang='lat' dir='ltr'>oblivisci.</span> <span class='ocrx_word' id='word_1_240' title='bbox 1304 1845 1410 1883; x_wconf 85' lang='lat' dir='ltr'>ldem</span> 
     </span>
     <span class='ocr_line' id='line_1_32' title="bbox 204 1898 1411 1950; baseline -0.003 -12"><span class='ocrx_word' id='word_1_241' title='bbox 204 1901 410 1938; x_wconf 88' lang='lat' dir='ltr'>immortali</span> <span class='ocrx_word' id='word_1_242' title='bbox 441 1902 625 1938; x_wconf 87' lang='lat' dir='ltr'>memoria</span> <span class='ocrx_word' id='word_1_243' title='bbox 659 1899 1053 1950; x_wconf 53' lang='lat' dir='ltr'>percepta&lt;retinebet</span> <span class='ocrx_word' id='word_1_244' title='bbox 1082 1898 1293 1944; x_wconf 83' lang='lat' dir='ltr'>beneficia3</span> <span class='ocrx_word' id='word_1_245' title='bbox 1325 1910 1411 1946; x_wconf 81' lang='lat' dir='ltr'>quae</span> 
     </span>
     <span class='ocr_line' id='line_1_33' title="bbox 206 1950 1408 2003; baseline -0.004 -12"><span class='ocrx_word' id='word_1_246' title='bbox 206 1963 334 1991; x_wconf 85' lang='lat' dir='ltr'>autem</span> <span class='ocrx_word' id='word_1_247' title='bbox 353 1955 434 2003; x_wconf 91' lang='lat' dir='ltr'>ipse</span> <span class='ocrx_word' id='word_1_248' title='bbox 454 1954 651 1998; x_wconf 86' lang='lat' dir='ltr'>tribuerat,</span> <span class='ocrx_word' id='word_1_249' title='bbox 668 1953 814 1990; x_wconf 86' lang='lat' dir='ltr'>tamdiu</span> <span class='ocrx_word' id='word_1_250' title='bbox 834 1953 1071 1996; x_wconf 89' lang='lat' dir='ltr'>meminerat,</span> <span class='ocrx_word' id='word_1_251' title='bbox 1092 1950 1217 1999; x_wconf 83' lang='lat' dir='ltr'>quoad</span> <span class='ocrx_word' id='word_1_252' title='bbox 1237 1951 1302 1987; x_wconf 87' lang='lat' dir='ltr'>ille</span> <span class='ocrx_word' id='word_1_253' title='bbox 1322 1963 1408 1999; x_wconf 81' lang='lat' dir='ltr'>gra-</span> 
     </span>
     <span class='ocr_line' id='line_1_34' title="bbox 204 2002 1411 2055; baseline -0.004 -12"><span class='ocrx_word' id='word_1_254' title='bbox 204 2012 266 2043; x_wconf 90' lang='lat' dir='ltr'>tus</span> <span class='ocrx_word' id='word_1_255' title='bbox 285 2013 379 2051; x_wconf 86' lang='lat' dir='ltr'>erat,</span> <span class='ocrx_word' id='word_1_256' title='bbox 396 2007 463 2055; x_wconf 93' lang='lat' dir='ltr'>qui</span> <span class='ocrx_word' id='word_1_257' title='bbox 484 2012 698 2055; x_wconf 85' lang='lat' dir='ltr'>acceperat.</span> <span class='ocrx_word' id='word_1_258' title='bbox 734 2005 866 2053; x_wconf 89' lang='lat' dir='ltr'>Itaque</span> <span class='ocrx_word' id='word_1_259' title='bbox 888 2005 950 2041; x_wconf 88' lang='lat' dir='ltr'>hic</span> <span class='ocrx_word' id='word_1_260' title='bbox 971 2003 1070 2048; x_wconf 87' lang='lat' dir='ltr'>fecit,</span> <span class='ocrx_word' id='word_1_261' title='bbox 1092 2010 1133 2039; x_wconf 90' lang='lat' dir='ltr'>ut</span> <span class='ocrx_word' id='word_1_262' title='bbox 1154 2016 1244 2039; x_wconf 88' lang='lat' dir='ltr'>vere</span> <span class='ocrx_word' id='word_1_263' title='bbox 1264 2002 1411 2039; x_wconf 90' lang='lat' dir='ltr'>dictum</span> 
     </span>
     <span class='ocr_line' id='line_1_35' title="bbox 206 2054 1412 2108; baseline -0.004 -13"><span class='ocrx_word' id='word_1_264' title='bbox 206 2058 403 2095; x_wconf 83' lang='lat' dir='ltr'>videatur:</span> <span class='ocrx_word' id='word_1_265' title='bbox 446 2057 517 2094; x_wconf 79' lang='lat' dir='ltr'>Sui</span> <span class='ocrx_word' id='word_1_266' title='bbox 542 2060 670 2106; x_wconf 77' lang='lat' dir='ltr'>cuique</span> <span class='ocrx_word' id='word_1_267' title='bbox 699 2070 818 2095; x_wconf 80' lang='lat' dir='ltr'>mores</span> <span class='ocrx_word' id='word_1_268' title='bbox 838 2057 991 2108; x_wconf 76' lang='lat' dir='ltr'>fingunt</span> <span class='ocrx_word' id='word_1_269' title='bbox 1005 2054 1215 2106; x_wconf 80' lang='lat' dir='ltr'>fortunam.</span> <span class='ocrx_word' id='word_1_270' title='bbox 1272 2054 1412 2103; x_wconf 86' lang='lat' dir='ltr'>Neque</span> 
     </span>
     <span class='ocr_line' id='line_1_36' title="bbox 206 2107 1410 2160; baseline -0.004 -13"><span class='ocrx_word' id='word_1_271' title='bbox 206 2117 334 2147; x_wconf 86' lang='lat' dir='ltr'>tamen</span> <span class='ocrx_word' id='word_1_272' title='bbox 354 2111 459 2160; x_wconf 88' lang='lat' dir='ltr'>prius</span> <span class='ocrx_word' id='word_1_273' title='bbox 480 2111 545 2147; x_wconf 88' lang='lat' dir='ltr'>ille</span> <span class='ocrx_word' id='word_1_274' title='bbox 566 2110 768 2154; x_wconf 85' lang='lat' dir='ltr'>fortunam,</span> <span class='ocrx_word' id='word_1_275' title='bbox 790 2122 906 2158; x_wconf 88' lang='lat' dir='ltr'>quam</span> <span class='ocrx_word' id='word_1_276' title='bbox 927 2122 966 2145; x_wconf 88' lang='lat' dir='ltr'>se</span> <span class='ocrx_word' id='word_1_277' title='bbox 987 2109 1080 2157; x_wconf 85' lang='lat' dir='ltr'>ipse,</span> <span class='ocrx_word' id='word_1_278' title='bbox 1101 2107 1232 2143; x_wconf 83' lang='lat' dir='ltr'>finxit:</span> <span class='ocrx_word' id='word_1_279' title='bbox 1262 2107 1329 2155; x_wconf 90' lang='lat' dir='ltr'>qui</span> <span class='ocrx_word' id='word_1_280' title='bbox 1349 2119 1410 2143; x_wconf 88' lang='lat' dir='ltr'>ca-</span> 
     </span>
     <span class='ocr_line' id='line_1_37' title="bbox 208 2163 926 2211; baseline -0.004 -12"><span class='ocrx_word' id='word_1_281' title='bbox 208 2164 274 2207; x_wconf 77' lang='lat' dir='ltr'>vit,</span> <span class='ocrx_word' id='word_1_282' title='bbox 295 2175 343 2199; x_wconf 87' lang='lat' dir='ltr'>ne</span> <span class='ocrx_word' id='word_1_283' title='bbox 362 2175 440 2211; x_wconf 85' lang='lat' dir='ltr'>qua</span> <span class='ocrx_word' id='word_1_284' title='bbox 459 2163 498 2198; x_wconf 88' lang='lat' dir='ltr'>in</span> <span class='ocrx_word' id='word_1_285' title='bbox 518 2175 558 2199; x_wconf 91' lang='lat' dir='ltr'>re</span> <span class='ocrx_word' id='word_1_286' title='bbox 575 2163 662 2211; x_wconf 90' lang='lat' dir='ltr'>jure</span> <span class='ocrx_word' id='word_1_287' title='bbox 683 2163 926 2211; x_wconf 88' lang='lat' dir='ltr'>plecteretur.</span> 
     </span>
    </p>

    <p class='ocr_par' dir='ltr' id='par_1_4' title="bbox 209 2210 1417 2525">
     <span class='ocr_line' id='line_1_38' title="bbox 263 2210 1411 2264; baseline -0.005 -13"><span class='ocrx_word' id='word_1_288' title='bbox 263 2214 350 2251; x_wconf 88' lang='lat' dir='ltr'>XII.</span> <span class='ocrx_word' id='word_1_289' title='bbox 381 2214 454 2250; x_wconf 81' lang='lat' dir='ltr'>His</span> <span class='ocrx_word' id='word_1_290' title='bbox 473 2215 591 2264; x_wconf 83' lang='lat' dir='ltr'>igitur</span> <span class='ocrx_word' id='word_1_291' title='bbox 611 2215 725 2251; x_wconf 88' lang='lat' dir='ltr'>rebus</span> <span class='ocrx_word' id='word_1_292' title='bbox 745 2214 881 2258; x_wconf 87' lang='lat' dir='ltr'>effecit,</span> <span class='ocrx_word' id='word_1_293' title='bbox 903 2218 945 2249; x_wconf 86' lang='lat' dir='ltr'>ut</span> <span class='ocrx_word' id='word_1_294' title='bbox 964 2211 1018 2248; x_wconf 88' lang='lat' dir='ltr'>M.</span> <span class='ocrx_word' id='word_1_295' title='bbox 1041 2211 1251 2259; x_wconf 85' lang='lat' dir='ltr'>Vipsanius</span> <span class='ocrx_word' id='word_1_296' title='bbox 1272 2210 1411 2259; x_wconf 83' lang='lat' dir='ltr'>Agrip-</span> 
     </span>
     <span class='ocr_line' id='line_1_39' title="bbox 210 2262 1413 2316; baseline -0.005 -13"><span class='ocrx_word' id='word_1_297' title='bbox 210 2279 270 2316; x_wconf 87' lang='lat' dir='ltr'>pa.</span> <span class='ocrx_word' id='word_1_298' title='bbox 291 2267 424 2302; x_wconf 85' lang='lat' dir='ltr'>intima</span> <span class='ocrx_word' id='word_1_299' title='bbox 452 2265 709 2314; x_wconf 84' lang='lat' dir='ltr'>familiaritate</span> <span class='ocrx_word' id='word_1_300' title='bbox 730 2266 959 2314; x_wconf 80' lang='lat' dir='ltr'>conjunctus</span> <span class='ocrx_word' id='word_1_301' title='bbox 991 2262 1223 2300; x_wconf 77' lang='lat' dir='ltr'>adolescenti</span> <span class='ocrx_word' id='word_1_302' title='bbox 1255 2262 1413 2306; x_wconf 70' lang='lat' dir='ltr'>Caesari,</span> 
     </span>
     <span class='ocr_line' id='line_1_40' title="bbox 209 2314 1415 2368; baseline -0.004 -14"><span class='ocrx_word' id='word_1_303' title='bbox 209 2331 329 2368; x_wconf 92' lang='lat' dir='ltr'>quum</span> <span class='ocrx_word' id='word_1_304' title='bbox 350 2324 500 2367; x_wconf 88' lang='lat' dir='ltr'>propter</span> <span class='ocrx_word' id='word_1_305' title='bbox 513 2330 623 2354; x_wconf 89' lang='lat' dir='ltr'>suam</span> <span class='ocrx_word' id='word_1_306' title='bbox 642 2319 806 2367; x_wconf 86' lang='lat' dir='ltr'>gratiam</span> <span class='ocrx_word' id='word_1_307' title='bbox 820 2324 857 2353; x_wconf 89' lang='lat' dir='ltr'>et</span> <span class='ocrx_word' id='word_1_308' title='bbox 871 2316 1035 2354; x_wconf 86' lang='lat' dir='ltr'>Caesaris</span> <span class='ocrx_word' id='word_1_309' title='bbox 1052 2315 1254 2363; x_wconf 85' lang='lat' dir='ltr'>potentiam</span> <span class='ocrx_word' id='word_1_310' title='bbox 1270 2314 1415 2350; x_wconf 89' lang='lat' dir='ltr'>nullius</span> 
     </span>
     <span class='ocr_line' id='line_1_41' title="bbox 211 2365 1417 2418; baseline -0.006 -10"><span class='ocrx_word' id='word_1_311' title='bbox 211 2370 435 2408; x_wconf 78' lang='lat' dir='ltr'>conditionis</span> <span class='ocrx_word' id='word_1_312' title='bbox 456 2382 529 2406; x_wconf 87' lang='lat' dir='ltr'>non</span> <span class='ocrx_word' id='word_1_313' title='bbox 549 2369 706 2406; x_wconf 87' lang='lat' dir='ltr'>haberet</span> <span class='ocrx_word' id='word_1_314' title='bbox 731 2375 964 2418; x_wconf 87' lang='lat' dir='ltr'>potestatem,</span> <span class='ocrx_word' id='word_1_315' title='bbox 986 2367 1221 2416; x_wconf 89' lang='lat' dir='ltr'>potissimum</span> <span class='ocrx_word' id='word_1_316' title='bbox 1241 2365 1325 2414; x_wconf 87' lang='lat' dir='ltr'>ejus</span> <span class='ocrx_word' id='word_1_317' title='bbox 1354 2366 1417 2402; x_wconf 91' lang='lat' dir='ltr'>de-</span> 
     </span>
     <span class='ocr_line' id='line_1_42' title="bbox 211 2418 1416 2473; baseline -0.005 -13"><span class='ocrx_word' id='word_1_318' title='bbox 211 2422 348 2473; x_wconf 83' lang='lat' dir='ltr'>ligeret</span> <span class='ocrx_word' id='word_1_319' title='bbox 368 2422 598 2466; x_wconf 84' lang='lat' dir='ltr'>affinitatem,</span> <span class='ocrx_word' id='word_1_320' title='bbox 621 2427 919 2470; x_wconf 85' lang='lat' dir='ltr'>praeoptaretque</span> <span class='ocrx_word' id='word_1_321' title='bbox 950 2419 1087 2468; x_wconf 86' lang='lat' dir='ltr'>equitis</span> <span class='ocrx_word' id='word_1_322' title='bbox 1107 2418 1270 2455; x_wconf 87' lang='lat' dir='ltr'>Romani</span> <span class='ocrx_word' id='word_1_323' title='bbox 1295 2418 1416 2454; x_wconf 88' lang='lat' dir='ltr'>filiam</span> 
     </span>
     <span class='ocr_line' id='line_1_43' title="bbox 211 2471 1415 2525; baseline -0.004 -13"><span class='ocrx_word' id='word_1_324' title='bbox 211 2487 486 2525; x_wconf 82' lang='lat' dir='ltr'>generosarum</span> <span class='ocrx_word' id='word_1_325' title='bbox 505 2474 660 2523; x_wconf 87' lang='lat' dir='ltr'>nuptiis.</span> <span class='ocrx_word' id='word_1_326' title='bbox 719 2473 847 2522; x_wconf 87' lang='lat' dir='ltr'>Atque</span> <span class='ocrx_word' id='word_1_327' title='bbox 877 2473 1016 2509; x_wconf 86' lang='lat' dir='ltr'>harum</span> <span class='ocrx_word' id='word_1_328' title='bbox 1045 2471 1264 2520; x_wconf 86' lang='lat' dir='ltr'>nuptiarum</span> <span class='ocrx_word' id='word_1_329' title='bbox 1292 2471 1415 2508; x_wconf 89' lang='lat' dir='ltr'>conci-</span> 
     </span>
    </p>
   </div>
   <div class='ocr_carea' id='block_1_3' title="bbox 1440 435 1456 470">
    <p class='ocr_par' dir='ltr' id='par_1_5' title="bbox 1440 435 1456 470">
     <span class='ocr_line' id='line_1_44' title="bbox 1440 435 1456 470; textangle 90"><span class='ocrx_word' id='word_1_330' title='bbox 1440 435 1456 470; x_wconf 63' lang='grc' dir='ltr'>(Π</span> 
     </span>
    </p>
   </div>
   <div class='ocr_carea' id='block_1_4' title="bbox 1444 2474 1466 2489">
    <p class='ocr_par' dir='ltr' id='par_1_6' title="bbox 1444 2474 1466 2489">
     <span class='ocr_line' id='line_1_45' title="bbox 1444 2474 1466 2489; baseline 0 0"><span class='ocrx_word' id='word_1_331' title='bbox 1444 2474 1466 2489; x_wconf 65' lang='grc' dir='ltr'><strong>Ρ</strong></span> 
     </span>
    </p>
   </div>
   <div class='ocr_carea' id='block_1_5' title="bbox 1445 2487 1465 2510">
    <p class='ocr_par' dir='ltr' id='par_1_7' title="bbox 1445 2487 1465 2510">
     <span class='ocr_line' id='line_1_46' title="bbox 1445 2487 1465 2510; baseline 0 0"><span class='ocrx_word' id='word_1_332' title='bbox 1445 2487 1465 2510; x_wconf 70' lang='lat'><strong><em>4</em></strong></span> 
     </span>
    </p>
   </div>
  </div>
 </body>
</html>
