1651 2790
198 1642 221 1675 Q'l

248 228 303 264 60
407 208 413 215 ⁸
501 225 600 267 XV.
659 230 697 275 2,
720 231 745 267 3
826 225 1198 281 (Epaminondas.)

245 326 384 364 debere
405 329 706 377 praetermittere,
728 329 828 378 quod
857 329 1046 378 pertineat
1066 328 1112 365 ad
1143 341 1229 366 eam
1256 328 1438 365 declarari

245 379 346 416 dam.
404 380 537 422 Quare
557 381 730 418 dicemus
750 383 916 431 primum
937 381 982 418 de
1002 393 1144 430 genere
1164 381 1272 430 ejus,
1305 380 1448 424 deinde,

243 433 384 481 cluibus
404 433 615 482 disciplinis
635 441 671 470 et
701 447 723 470 a
743 434 882 483 quibus
902 435 949 470 sit
972 434 1144 470 eruditus
1161 446 1171 479 3
1203 440 1284 470 tum
1311 433 1356 469 de
1377 445 1450 469 mo-

245 485 350 521 ribus
375 486 597 535 ingeniique
628 486 886 529 facultatibus,
908 493 943 523 et
972 487 1004 522 si
1033 499 1109 535 qua
1129 486 1205 523 alia
1233 486 1349 536 digna
1377 498 1452 521 me-

244 538 366 574 moria
385 545 498 574 erunt
511 552 522 585 3
555 546 742 588 postremo
763 539 808 575 de
829 540 944 575 rebus
971 540 1100 588 gestis,
1122 551 1208 588 quae
1229 551 1251 575 a
1279 538 1454 587 plurimis

245 591 416 626 omnium
437 598 719 640 anteponuntur
739 591 957 628 virtutibus.

299 642 348 679 II.
379 643 507 680 Natus
536 645 654 693 igitur
674 650 792 693 patre,
816 657 890 692 quo
911 644 1088 688 diximus,
1118 643 1274 680 honesto
1299 654 1454 693 genere,

244 707 390 744 pauper
414 696 495 744 jam
524 709 546 732 a
575 697 783 745 majoribus
813 697 995 742 relictus3
1027 695 1200 732 eruditus
1229 702 1356 732 autem
1385 695 1454 739 sic,

245 753 417 784 ut-nemo
438 748 648 785 Thebanus
669 750 805 799 magis.
863 749 968 785 Nam
989 754 1025 784 et
1046 748 1289 792 citharizare,
1310 754 1347 784 et
1366 759 1454 783 can-

245 806 326 836 tare
357 800 404 836 ad
438 801 669 838 chordarum
702 814 836 838 sonum
867 801 1000 838 doctus
1029 807 1086 837 est
1114 813 1137 836 a
1169 799 1367 848 Dionysio,
1389 799 1456 848 qui

245 864 319 888 non
353 854 498 890 minore
535 853 606 890 fuit
640 855 679 890 in
706 854 864 890 musicis
896 854 1031 903 gloria,
1065 866 1181 901 quam
1210 852 1360 889 Damon
1391 858 1456 888 aut

247 903 451 954 Lamprus,
483 919 647 954 quorum
676 907 904 956 pervulgata
925 912 1013 942 sunt
1033 905 1211 951 nomina3
1245 904 1455 954 [carmina]

246 964 404 994 cantare
437 959 539 994 tibiis
568 959 614 994 ab
653 959 937 1008 Olympiodoro,
968 958 1108 994 saltare
1143 971 1165 994 a
1194 957 1454 1006 Calliphrone.

247 1009 301 1046 At
321 1010 566 1059 philosophiae
582 1018 853 1060 praeceptorem
874 1011 1006 1047 habuit
1019 1010 1169 1058 Lysim,
1187 1010 1455 1053 Tarentinum,

247 1061 552 1112 Pythagoreum:
584 1064 648 1099 cui
679 1063 832 1112 quidem
862 1064 918 1099 sic
953 1062 1024 1099 fuit
1057 1063 1217 1107 deditus,
1248 1068 1288 1098 ut
1313 1061 1455 1098 adoles-

247 1127 339 1151 cens
358 1115 502 1152 tristem
524 1122 561 1152 et
589 1128 769 1152 severum
795 1128 926 1152 senem
945 1116 1121 1152 omnibus
1144 1115 1357 1164 aequalibus
1377 1114 1456 1150 suis

247 1167 286 1202 in
316 1166 576 1204 familiaritate
605 1169 871 1217 anteposuerit,
899 1180 1023 1217 neque
1044 1168 1150 1217 prius
1173 1180 1260 1204 eum
1291 1180 1313 1203 a
1342 1179 1381 1203 se
1403 1166 1455 1202 di-

248 1220 405 1264 miserit,
415 1233 531 1268 quam
545 1221 583 1256 in
597 1221 777 1257 doctrinis
790 1227 892 1257 tanto
906 1221 1150 1257 antecesserit
1164 1219 1455 1269 condiscipulos,

249 1279 290 1308 ut
311 1271 424 1308 facile
444 1273 608 1322 intelligi
629 1281 764 1322 posset,
795 1274 878 1322 pari
908 1273 1016 1309 modo
1035 1280 1305 1321 superaturum
1326 1284 1456 1308 omnes

249 1325 288 1360 in
310 1325 448 1361 ceteris
476 1326 632 1361 artibus.
691 1327 819 1374 Atque
850 1326 932 1362 haec
953 1325 999 1361 ad
1028 1332 1195 1361 nostram
1216 1324 1455 1361 consuetudi-

249 1389 337 1413 nem
357 1385 445 1413 sunt
476 1377 587 1422 levia,
619 1385 653 1414 et
689 1379 811 1427 potius
835 1377 1136 1423 contemnenda,
1170 1384 1206 1413 at
1235 1377 1275 1412 in
1305 1376 1458 1412 Graecia

251 1430 383 1478 utique
414 1430 504 1465 olim
540 1443 690 1479 magnae
724 1431 830 1466 laudi
862 1437 982 1466 erant.
1052 1429 1457 1478 Postquam.ephebus

251 1481 375 1518 factus
407 1490 473 1526 est,
506 1490 542 1519 et
577 1484 763 1531 palaestrae
794 1482 884 1518 dare
918 1495 1072 1531 operam
1107 1482 1235 1531 coepit,
1268 1494 1342 1517 non
1380 1488 1458 1516 tam

251 1534 503 1583 magnitudini
539 1536 678 1571 virium
710 1536 878 1579 servivit,
918 1548 1034 1583 quarn
1073 1535 1277 1570 velocitati.
1347 1533 1457 1570 Illam

251 1588 352 1623 enim
386 1587 429 1622 ad
463 1587 694 1623 athletarum
730 1600 854 1632 usum,
888 1588 987 1624 hanc
1025 1587 1070 1623 ad
1098 1587 1188 1623 belli
1219 1586 1457 1622 existimabat

252 1639 452 1675 utilitatem
492 1641 693 1688 pertinere.
780 1640 913 1688 Itaque
952 1639 1204 1675 exercebatur
1245 1639 1452 1687 plurimum

252 1692 440 1728 currendo
469 1699 505 1728 et
539 1692 719 1728 luctando
741 1692 786 1728 ad
813 1705 904 1728 eum
926 1692 1052 1735 finem,
1077 1691 1201 1739 quoad
1230 1698 1334 1727 stans
1357 1703 1455 1726 com-

252 1744 365 1792 plecti
398 1750 521 1792 posset
556 1751 668 1792 atque
698 1744 938 1780 contendere.
1016 1743 1058 1779 In
1091 1744 1208 1778 armis
1246 1743 1455 1791 plurimum

251 1795 365 1832 studii
386 1796 645 1832 consumebat.
880 1809 886 1813 ·

304 1847 372 1884 ΙΙΙ.
405 1847 467 1883 Ad
484 1848 583 1884 hanc
598 1848 767 1897 corporis
786 1848 1004 1884 firmitatem
1026 1848 1191 1896 plurima
1207 1848 1319 1883 etiam
1341 1847 1455 1883 animi

251 1900 348 1936 bona
369 1907 623 1936 accesserant.
669 1900 764 1936 Erat
779 1901 880 1936 enim
897 1901 1098 1944 modestus,
1115 1900 1292 1948 prudens,
1313 1900 1455 1948 gravis,

251 1952 484 2000 temporibus
512 1953 704 2000 sapienter
732 1959 853 1997 utens,
887 1954 1030 2001 peritus
1061 1952 1160 1996 belli,
1192 1951 1297 1988 fortis
1326 1964 1456 1995 manu,

252 2005 377 2040 animo
398 2005 591 2050 maximo3
625 2004 717 2041 adeo
737 2005 907 2041 veritatis
936 2005 1109 2054 diligens,
1126 2011 1168 2040 ut
1188 2016 1235 2040 ne
1260 2004 1347 2052 joco
1375 2005 1455 2052 qui-

251 2057 335 2093 dem
357 2057 595 2093 mentiretur.
654 2056 759 2093 Idem
788 2058 997 2101 continens,
1019 2057 1200 2100 clemens,
1231 2057 1455 2105 patiensque

251 2108 518 2145 admirandum
552 2109 589 2144 in
622 2109 787 2154 modum,
823 2122 895 2146 non
926 2109 1050 2146 solum
1079 2109 1218 2158 populi,
1246 2108 1311 2145 sed
1342 2109 1455 2144 etiam

251 2162 462 2198 amicorum
495 2160 620 2198 ferens
651 2161 840 2210 injurias,
884 2162 1133 2210 inprimisque
1167 2161 1370 2198 commissa
1396 2173 1456 2196 ce-

250 2214 356 2250 lans:
387 2213 485 2262 quod
515 2214 705 2250 interdum
730 2226 803 2251 non
825 2214 953 2250 minus
981 2214 1142 2263 prodest,
1172 2227 1289 2262 quam
1319 2213 1456 2250 diserte

250 2266 403 2312 dicere3
435 2265 626 2302 studiosus
646 2266 847 2302 audiendi:
877 2279 924 2302 ex
945 2267 1016 2302 hoc
1037 2267 1138 2302 enim
1160 2266 1342 2302 facillime
1363 2265 1456 2302 disci

251 2319 521 2355 arbitrabatur.
594 2317 726 2366 Itaque
757 2331 876 2367 quum
911 2320 949 2355 in
979 2319 1170 2355 circulum
1206 2319 1391 2364 venisset,
1419 2319 1456 2354 in

251 2384 325 2418 quo
356 2377 421 2406 aut
449 2371 495 2407 de
526 2371 725 2420 republica
752 2371 1022 2420 disputaretur,
1054 2378 1120 2408 aut
1149 2371 1194 2407 de
1224 2370 1456 2420 philosophia

250 2435 375 2459 sermo
404 2421 623 2467 haberetur,
653 2435 863 2472 numquam
885 2424 973 2460 inde
1000 2424 1106 2472 prius
1134 2422 1318 2467 discessit,
1339 2433 1455 2470 quam

251 2475 297 2511 ad
324 2474 439 2511 finem
468 2487 593 2512 sermo
619 2482 716 2512 esset
744 2476 944 2513 adductus.
1003 2475 1270 2525 Paupertatem
1290 2474 1384 2511 adeo
1404 2473 1444 2510 fa-
