1651 2790
150 1127 173 1160 U!

149 2017 169 2050 ‘O

209 188 262 227 62
462 185 559 228 XV.
620 191 657 235 5,
680 192 718 228 6.
781 186 1152 242 (Epaminondas.)

206 300 303 333 mus,
328 300 490 338 quorum
519 290 724 338 separatim
750 289 879 326 multis
907 289 1077 326 millibus
1097 302 1279 328 versuum
1307 304 1403 328 corn·

206 340 335 389 plures
354 342 557 390 scriptores
578 348 664 378 ante
684 354 752 378 nos
771 343 1025 391 explicarunt.

258 393 309 429 V.
341 393 432 430 Fuit
451 394 566 430 etiam
585 394 758 438 disertus,
781 402 821 431 ut
841 407 952 431 nemo
971 395 1007 431 ei
1027 394 1236 432 Thebanus
1262 408 1331 445 par
1349 410 1404 433 es-

204 451 261 481 set
280 445 518 495 eloquentia:
548 459 673 495 neque
702 448 829 483 minus
849 448 1059 484 concinnus
1085 448 1123 483 in
1144 447 1328 486 brevitate
1349 462 1405 486 re-

205 498 421 546 spondendi,
443 511 559 548 quam
588 499 626 535 in
646 506 829 548 perpetua
848 500 1015 536 oratione
1036 505 1204 537 ornatus.
1261 500 1405 538 Habuit

204 550 493 587 obtrectatorem
523 550 778 588 Meneclidam
806 552 1023 600 quemdam,
1053 551 1219 589 indidem
1248 552 1405 598 Thebis,

204 608 241 639 et
261 602 522 640 adversarium
541 604 580 640 in
601 603 897 640 administranda
917 604 1125 653 republica,
1153 605 1244 641 satis
1263 606 1406 642 exerci-

204 661 325 691 tatum
350 656 389 692 in
409 655 579 701 dicendo,
601 663 643 692 ut
671 657 900 693 Thebanum
920 657 1081 693 scilicet.
1139 656 1320 705 Namque
1349 658 1406 694 illi

204 708 308 756 genti
338 708 423 757 plus
445 709 543 745 inest
563 709 716 753 virium,
746 721 862 757 quam
882 709 1039 758 ingenii.
1097 707 1145 753 Is,
1167 709 1267 757 quod
1295 710 1334 745 in
1365 722 1406 746 re

204 760 360 796 militari
395 761 529 797 florere
557 761 862 810 Epaminondam
889 761 1052 806 videbat,
1087 761 1229 797 hortari
1263 761 1406 799 solebat

205 812 419 858 Thebanos,
442 820 482 850 ut
512 826 646 862 pacem
666 814 765 850 bello
789 812 1031 858 anteferrent,
1052 825 1100 850 ne
1120 813 1224 850 illius
1244 814 1406 863 impera-

203 865 294 901 toris
309 878 424 914 opera
443 866 738 902 desideraretur.
795 865 901 902 Huic
916 866 994 910 ille,
1016 864 1149 910 Fallis,
1171 866 1304 914 inquit,
1325 879 1404 903 ver-

204 917 245 953 bo
275 919 372 955 cives
393 926 485 963 tuos,
513 919 608 966 qaod
627 919 691 955 hos
717 931 740 954 a
761 918 852 955 bello
871 931 1004 954 avocas
1019 932 1032 954 .·
1062 920 1125 954 ota*
1153 920 1246 954 enim
1265 921 1405 956 nomine

202 972 409 1007 servitutem
440 972 628 1007 concilias,
726 969 795 1007 'am
822 972 972 1019 paritur
997 982 1073 1018 pam
1105 971 1209 1007 bello.
1278 969 1405 1019 Itaque

202 1024 265 1070 qui
295 1035 338 1059 ea
368 1023 510 1059 diutina
540 1024 664 1060 volant
676 1022 781 1072 frui,
816 1023 906 1060 bello
936 1025 1124 1060 exercitam·
1154 1035 1232 1060 esse
1262 1023 1403 1060 debent.

207 1073 333 1121 Quare
362 1076 396 1112 si
418 1077 606 1125 principes
638 1074 789 1112 Graecz'oe
814 1087 892 1113 esse
917 1076 1040 1119 vultis,
1062 1077 1195 1111 castris
1223 1082 1276 1112 est
1305 1076 1405 1112 vobis

202 1129 385 1173 utendum,
423 1140 494 1164 mm
525 1128 715 1176 palaestra.
774 1127 878 1165 Idem
912 1127 977 1164 ille
1012 1127 1247 1164 Meneclidas
1284 1141 1403 1177 quum

203 1179 294 1217 huic
313 1181 505 1228 objiceret,
526 1181 625 1229 quod
652 1180 790 1217 liberos
809 1193 883 1216 non
912 1180 1080 1224 haberet,
1102 1192 1225 1228 neque
1246 1193 1405 1218 uxorem

202 1231 397 1278 duxisset3
430 1234 671 1281 maximeque
695 1233 946 1277 insolentiam,
976 1232 1076 1281 quod
1096 1232 1167 1268 sibi
1196 1233 1403 1282 Agamem-

202 1285 311 1323 nonis
331 1285 420 1321 belli
440 1285 601 1334 gloriam
617 1285 810 1321 videretur
829 1292 1080 1321 consecutus:
1110 1291 1160 1329 at,
1174 1285 1251 1329 ille,
1266 1286 1403 1330 desine,

202 1338 335 1386 lnquit,
356 1336 579 1382 Menecliden,
594 1338 638 1375 de
657 1349 768 1374 umore
787 1337 877 1374 mila·
890 1337 1109 1385 exprobrare
1125 1351 1137 1373 :
1160 1350 1246 1373 nam
1264 1339 1404 1374 nullius

201 1389 240 1425 in
258 1391 330 1426 ista
348 1403 388 1426 re
408 1391 528 1426 minus
548 1391 601 1426 uti
621 1390 770 1426 consilio
789 1390 880 1426 volo.
937 1389 1132 1438 (Habebat
1152 1389 1403 1438 enithene-

202 1439 320 1478 clidas
353 1443 608 1491 suspicionem
641 1442 851 1488 adulterii.)
937 1440 1045 1487 Quod
1077 1447 1196 1477 autem
1233 1454 1287 1478 me
1325 1440 1403 1491 Ag.

204 1506 445 1532 amemnonem
477 1495 643 1531 (emulari
671 1500 794 1541 putas,
811 1492 983 1543 falleris.
1041 1492 1209 1541 Namque
1242 1494 1304 1531 ille
1324 1507 1404 1531 cum

201 1548 374 1583 universa
397 1546 543 1583 Graecz‘a
561 1549 622 1583 via:
641 1547 763 1584 decem
782 1548 890 1583 annis
909 1559 1019 1582 unam
1039 1547 1131 1593 cepit
1150 1546 1274 1583 urbem
1288 1560 1306 1591 ;
1340 1559 1404 1595 ego

201 1605 326 1636 contra
358 1612 401 1636 ecc
432 1612 507 1636 una
536 1599 624 1636 urbe
657 1605 782 1635 nostra
813 1599 940 1647 dieque
969 1610 1040 1634 uno
1070 1604 1178 1634 totam
1210 1597 1402 1643 Graeciam,

200 1649 657 1700 Lacedaemonz'z'sfugatis,
679 1651 843 1688 liberavi.

252 1703 322 1740 VI.
367 1703 471 1740 Idem
504 1716 623 1752 quum
657 1704 696 1739 in
730 1709 960 1739 conventum
990 1702 1155 1738 venisset
1188 1701 1401 1747 Arcadum,

200 1761 342 1803 petens,
363 1762 404 1791 ut
423 1756 641 1792 societatem
657 1767 749 1791 cum
770 1755 966 1791 Thebanis
979 1760 1016 1790 et
1036 1753 1195 1802 Argivis
1209 1753 1401 1791 facerent:

199 1814 405 1856 contraque
438 1807 691 1851 Callistratus,
726 1807 1021 1843 Atheniensium
1050 1806 1211 1854 legatus,
1232 1806 1299 1854 qui
1327 1806 1400 1843 elo-

199 1866 354 1907 quentia
373 1871 503 1896 omncs
523 1872 567 1896 eo
595 1856 798 1908 praestabat
826 1865 1004 1906 tempore,
1027 1857 1245 1906 postularet,
1269 1864 1309 1894 ut
1339 1871 1399 1906 po-

199 1912 274 1947 tius
305 1911 512 1948 amicitiam
545 1917 795 1960 sequerentur
828 1911 1058 1954 Atticorum,
1093 1916 1130 1946 et
1162 1909 1200 1945 in
1234 1911 1400 1947 oratione

200 1976 268 2000 sua
298 1964 418 2000 multa
452 1964 625 2000 invectus
655 1969 752 2000 esset
785 1963 823 1999 in
858 1962 1061 1999 Thebanos
1082 1968 1118 1998 et
1152 1962 1330 2010 Argivos,
1362 1963 1399 1998 in

200 2016 329 2064 cisque
362 2015 435 2052 hoc
462 2017 668 2064 posuisset3
710 2015 1012 2052 animadvertere
1044 2014 1181 2050 debere
1210 2014 1399 2059 Arcadas,

198 2069 332 2116 quales
365 2075 526 2117 utraque
556 2068 691 2104 civitas
720 2068 824 2104 cives
852 2073 1099 2116 procreasset,
1120 2078 1167 2102 ex
1196 2066 1334 2114 quibus
1354 2066 1400 2103 de

199 2121 336 2157 ceteris
357 2127 506 2171 possent
531 2120 706 2169 judicare
724 2134 731 2156 :
765 2121 933 2170 Argivos
954 2119 1054 2155 enim
1085 2118 1202 2155 fuisse
1224 2117 1400 2155 Orestem

198 2179 235 2208 et
271 2173 543 2217 Alcmaeonem,
572 2172 816 2217 matricidas3
863 2171 1008 2208 Thebis
1037 2170 1223 2219 OEdipum
1253 2177 1398 2215 natum,

197 2225 275 2272 qui,
305 2238 425 2274 quum
455 2231 600 2274 patrem
621 2237 733 2261 suum
763 2223 1024 2267 interfecisset,
1046 2236 1092 2259 ex
1114 2229 1233 2259 matre
1262 2223 1400 2259 liberos

199 2284 454 2324 procreasset:
484 2277 546 2314 hic
562 2277 601 2312 in
622 2276 879 2325 respondendo
899 2275 1195 2324 Epaminondas,
1212 2287 1332 2324 quum
1352 2274 1398 2311 de

198 2330 334 2366 ceteris
363 2336 585 2379 perorasset,
608 2336 804 2378 postquam
834 2328 880 2364 ad
909 2328 977 2364 illa
1005 2327 1078 2364 duo
1097 2327 1296 2376 opprobria
1315 2338 1396 2375 per-

198 2381 311 2425 venit,
348 2382 526 2419 admirari
560 2394 600 2418 se
634 2381 727 2418 dixit
755 2380 953 2418 stultitiam
982 2380 1141 2417 rhetoris
1170 2379 1302 2423 Attici,
1331 2378 1395 2426 qui

200 2444 271 2468 non
286 2434 605 2479 animadverterit,
627 2434 846 2471 innocentes
866 2433 951 2470 illos
970 2439 1101 2479 natos5
1133 2431 1231 2468 domi
1251 2429 1396 2467 scelere
