1651 2790
222 823 244 856 (C

223 1499 245 1531 5

276 256 329 292 34
589 249 685 290 VII.
717 253 755 298 8,
779 254 815 290 9.
878 247 1159 301 (Alcibiades.)

271 362 393 394 mans,
426 349 666 385 barbarorum
691 346 818 396 praeda
846 346 1082 395 locupletari,
1114 358 1225 392 quam
1256 344 1466 381 Graiorum.

274 401 361 444 Qua
382 413 430 437 ex
447 413 489 436 re
510 407 683 436 creverat
701 412 814 446 quum
833 399 943 442 fama,
963 406 1040 434 tum
1059 398 1206 445 opibus,
1219 409 1467 445 magnamque

273 453 478 490 amicitiam
486 451 558 487 sibi
573 464 658 487 cum
670 451 892 499 quibusdam
900 450 1053 499 regibus
1067 449 1243 486 Thraciae
1256 456 1467 498 pepererat.

326 505 438 542 VIII.
478 504 614 551 Neque
628 511 754 539 tamen
773 516 794 538 a
815 502 970 538 caritate
990 502 1118 550 patriae
1131 501 1252 550 potuit
1270 501 1467 537 recedere.

274 558 374 594 Nam
386 569 500 605 quum
519 556 617 604 apud
636 555 761 604 AEgos
781 555 921 591 flumen
942 554 1152 599 Philocles,
1164 561 1299 602 praetor
1312 553 1469 589 Atheni-

255 627 258 630 >
275 610 434 652 ensium,
449 609 614 644 classem
630 607 892 643 constituisset
911 619 1030 651 suam,
1045 619 1169 654 neque
1186 606 1299 654 longe
1316 606 1469 642 abesset

275 661 487 710 Lysander,
506 669 640 708 praetor
661 658 1046 703 Lacedaemoniorum,
1060 659 1122 706 qui
1142 658 1181 694 in
1195 670 1240 694 eo
1257 665 1337 694 erat
1357 670 1470 694 occu-

275 721 394 764 patus,
413 719 453 749 ut
484 713 626 748 bellum
645 724 757 760 quam
792 711 1004 747 diutissime
1039 711 1207 755 duceret,
1241 710 1340 758 quod
1373 710 1471 757 ipsis

272 765 438 815 pecunia
471 777 493 800 a
526 777 617 812 rege
651 763 971 812 suppeditabatur,
1005 770 1136 798 contra
1168 762 1470 798 Atheniensibus

275 817 471 854 exhaustis
499 824 633 865 praeter
654 828 756 851 arma
777 823 814 851 et
833 828 952 851 naves
973 815 1069 851 nihil
1090 822 1169 850 erat
1196 827 1333 863 super:
1366 814 1470 850 Alci-

272 870 405 907 biades
420 869 464 905 ad
480 868 687 905 exercitum
699 868 803 903 venit
818 867 1120 912 Atheniensium,
1134 867 1260 914 ibique
1280 874 1468 915 praesente

272 922 386 969 vulgo
406 933 520 969 agere
542 920 666 968 coepit,
688 920 721 955 si
740 920 894 964 vellent,
915 932 957 955 se
985 926 1202 955 coacturum
1231 919 1469 967 Lysandrum

275 982 336 1010 aut
349 974 541 1017 dimicare,
559 980 620 1008 aut
635 985 770 1020 pacem
789 979 919 1020 petere
935 985 942 1008 :
976 971 1289 1007 Lacedaemonios
1306 983 1352 1007 eo
1368 971 1468 1007 nolle

275 1026 480 1074 confligere
512 1025 651 1068 classe,
682 1024 780 1071 quod
812 1024 1053 1072 pedestribus
1088 1023 1209 1071 copiis
1241 1024 1339 1071 plus,
1360 1036 1468 1071 quam

273 1078 446 1122 navibus,
458 1078 647 1121 valerent3
675 1076 748 1112 sibi
762 1084 885 1112 autem
899 1089 986 1112 esse
1001 1075 1127 1120 facile,
1143 1075 1326 1120 Seuthen,
1339 1088 1469 1124 regem

274 1130 478 1173 Thracum,
499 1129 701 1172 deducere,
723 1136 763 1164 ut
791 1140 857 1164 eos
886 1135 985 1164 terra
1013 1128 1246 1176 depelleret:
1278 1140 1349 1175 quo
1370 1128 1469 1164 facto

273 1181 495 1218 necessario
509 1188 571 1217 aut
583 1182 709 1217 classe
724 1180 977 1225 conflicturos,
999 1188 1060 1216 aut
1080 1181 1222 1216 belluni
1243 1180 1470 1228 compositu—

274 1247 349 1270 ros.
416 1234 462 1270 Id
494 1234 567 1269 etsi
599 1245 688 1269 vere
727 1233 868 1268 dictum
906 1232 1102 1269 Philocles
1137 1232 1469 1276 animadvertebat,

273 1293 400 1322 tamen
418 1286 606 1334 postulata
625 1285 751 1321 facere
780 1285 911 1329 noluit,
931 1285 1030 1332 quod
1058 1285 1335 1331 sentiebat,·se‚
1365 1285 1469 1321 Alci-

273 1339 385 1374 biade
404 1344 572 1386 recepto,
592 1337 732 1373 nullius
748 1337 927 1373 momenti
948 1337 1046 1385 apud
1067 1337 1276 1373 exercitum
1295 1336 1468 1380 futurum,

276 1397 324 1435 et,
338 1391 371 1426 si
384 1390 471 1438 quid
487 1389 646 1425 secundi
661 1389 866 1433 evenisset,
879 1390 1020 1425 nullam
1032 1389 1071 1425 in
1085 1402 1130 1425 ea
1149 1402 1189 1425 re
1206 1402 1313 1425 suam
1325 1396 1469 1438 partem

275 1442 353 1478 fore
370 1457 377 1487 3
409 1449 540 1477 contra
560 1454 617 1486 ea,
631 1441 664 1477 si
683 1441 772 1489 quid
793 1441 941 1477 adversi
962 1441 1181 1486 accidisset,
1196 1454 1238 1477 se
1258 1454 1373 1477 unum
1386 1442 1468 1490 ejus

275 1494 405 1530 delicti
438 1494 599 1530 futurum
636 1506 752 1529 reum.
811 1494 868 1529 Ab
902 1492 976 1529 hoc
1006 1493 1212 1530 discedens
1233 1494 1468 1538 Alcibiades,

274 1548 452 1595 quoniam,
486 1546 615 1593 inquit,
649 1547 805 1582 victoriae
829 1547 957 1595 patrico
988 1559 1184 1595 repugnas,
1213 1546 1304 1582 illud
1335 1560 1468 1591 moneo,

266 1600 377 1646 juxta
409 1599 544 1635 hostem
563 1605 686 1634 castra
719 1598 852 1634 habeas
874 1599 1021 1634 nautica
1035 1613 1046 1634 :
1069 1598 1271 1648 periculum
1290 1606 1345 1634 est
1364 1600 1468 1642 enim,

274 1665 317 1687 ne
337 1651 561 1687 immodestia}
580 1651 734 1686 militum
753 1658 959 1686 nostrorum
986 1652 1125 1686 occasio
1145 1650 1250 1686 detur
1270 1650 1468 1699 Lysandro

275 1704 392 1739 nostri
411 1702 632 1751 opprimendi
651 1703 840 1738 eoeercitus.
897 1702 1032 1749 Neque
1051 1715 1096 1738 ea
1111 1714 1173 1738 res
1194 1702 1300 1738 illum
1319 1701 1467 1738 fefellit,

276 1755 376 1791 Nam
409 1753 620 1801 Lysander,
654 1766 767 1800 quum
802 1766 871 1802 per
907 1754 1166 1801 speculatores
1206 1754 1468 1802 comperisset,

274 1806 429 1854 vulgum
460 1805 752 1841 Atheniensium
780 1806 819 1841 in
851 1813 987 1841 terram
1019 1805 1222 1853 praedatum
1244 1807 1384 1850 exisse,
1403 1819 1468 1842 na-

274 1870 417 1905 vesque
450 1869 556 1905 paene
590 1857 724 1892 inanes
754 1857 920 1901 relictas,
940 1864 1088 1905 tempus
1118 1858 1174 1893 rei
1198 1858 1373 1906 gerendae
1393 1871 1468 1895 non

277 1909 429 1953 dimisit,
450 1921 569 1956 eoque
589 1908 732 1956 impetu
750 1916 867 1944 totum
886 1909 1026 1945 bellum
1046 1909 1198 1946 delevit.

327 1961 398 1998 IX.
455 1962 504 1996 At
536 1960 771 2004 Alcibiades,
799 1961 910 1997 victis
945 1961 1243 1998 Atheniensibus
1274 1975 1350 1998 non
1375 1963 1468 1999 satis

274 2020 352 2050 tuta
372 2012 507 2049 eadem
524 2013 610 2048 loca
630 2013 703 2048 sibi
723 2014 932 2057 arbitratus,
952 2013 1103 2061 penitus
1132 2014 1171 2050 in
1199 2014 1406 2051 Thraciam
1425 2028 1468 2051 se

275 2077 389 2113 supra
417 2064 686 2112 Propontidem
706 2065 859 2109 abdidit,
879 2077 1051 2113 sperans,
1071 2066 1123 2101 ibi
1152 2066 1333 2102 facillime
1363 2079 1469 2103 suam

275 2118 460 2154 fortunam
478 2116 604 2152 occuli
622 2128 752 2164 posse.
783 2117 912 2153 Falso.
942 2117 1043 2153 Nam
1063 2117 1250 2163 Thraces,
1270 2126 1468 2166 postquam

276 2182 362 2205 eum
375 2181 460 2204 cum
471 2181 607 2216 magna
619 2169 782 2216 pecunia
795 2169 950 2205 venisse
967 2177 1179 2215 senserunt,
1193 2170 1352 2206 insidias
1366 2171 1469 2207 sece-

275 2228 380 2257 runt:
412 2220 475 2268 qui
495 2233 554 2265 ea,
573 2233 653 2268 quae
673 2228 897 2268 apportarat,
918 2222 1162 2266 abstulerunt,
1184 2222 1308 2270 ipsum
1330 2232 1468 2272 capere

274 2285 350 2309 non
376 2280 587 2320 potuerunt.
644 2272 715 2308 Ille
737 2285 911 2317 cernens,
931 2273 1074 2309 nullum
1104 2274 1230 2310 locum
1260 2275 1333 2311 sibi
1351 2282 1468 2311 tutum

276 2324 315 2359 in
356 2324 505 2360 Graecia
550 2330 702 2372 propter
738 2325 946 2372 potentiam
992 2325 1378 2371 Lacedaemoniorum,
1421 2327 1468 2363 ad

277 2374 562 2412 Pharnabazum
580 2376 620 2412 in
639 2376 771 2412 Asiam
789 2377 938 2412 transiit
954 2390 961 2413 :
993 2390 1103 2424 quein
1122 2378 1273 2424 quidem
1286 2378 1380 2413 adeo
1401 2390 1467 2415 sua

277 2426 379 2474 cepit
396 2426 638 2471 humanitate,
658 2435 697 2463 ut
725 2441 811 2464 eum
828 2441 939 2464 nemo
959 2429 999 2465 in
1019 2430 1185 2465 amicitia
1212 2429 1467 2465 antecederet.

278 2477 449 2525 Namque
465 2479 498 2513 ei
522 2478 704 2515 Grunium
725 2480 880 2516 dederat
899 2480 938 2516 in
958 2480 1128 2529 Phrygia
1141 2488 1316 2524 castrum,
1337 2492 1385 2516 ex
1396 2492 1468 2529 qun
