1651 2790
518 232 636 274 XIX.
697 238 734 282 3,
756 238 794 273 4.
859 232 1094 287 (Phocion.)
1351 241 1401 278 81

203 332 373 372 Demade
393 335 439 372 de
461 335 554 372 urbe
574 335 758 372 tradenda
779 335 982 384 Antipatro
1003 345 1248 374 consenserat
1265 351 1275 385 3
1308 338 1406 387 ejus-

201 400 275 437 que
296 388 454 424 consilio
476 387 752 424 Demosthenes
773 400 862 424 cum
893 389 1043 431 ceteris,
1066 390 1131 436 qui
1162 390 1256 426 bene
1277 390 1322 426 de
1351 403 1406 428 re-

201 440 356 488 publica
386 441 511 476 meriti
547 440 876 484 existimabantur,
899 440 1124 488 populis-cito
1158 442 1196 477 in
1228 444 1406 478 exsilium

200 498 309 528 erant
334 493 495 541 expulsi.
552 492 692 541 Neque
713 493 751 528 in
773 504 817 528 eo
837 492 960 528 solum
980 491 1198 537 offenderat,
1224 495 1322 541 quod
1345 508 1404 543 pa-

200 545 282 581 triae
303 545 402 581 male
423 545 681 589 consuluerat,
703 544 769 581 sed
799 545 926 588 etiam,
948 544 1047 593 quod
1082 546 1260 582 amicitiae
1293 547 1405 582 fidem

199 608 273 633 non
295 598 532 646 praestiterat.
589 597 769 646 Namque
791 604 928 633 auctus
958 596 1187 646 adiutusque
1208 611 1230 634 a
1250 597 1405 635 Demos-

200 649 312 686 tliene
339 662 440 694 eum,
463 663 577 698 quem
609 650 773 694 tenebat,
805 649 1054 686 adscenderat
1081 650 1257 699 gradum,
1288 663 1406 699 quum

200 701 383 738 adversus
403 702 607 738 Charetem
628 715 717 738 eum
737 703 987 738 subornaret:
1019 702 1066 738 ab
1086 702 1216 738 eodem
1238 704 1276 738 in
1306 703 1405 751 judi-

199 754 280 798 ciis,
302 767 420 802 quum
456 756 588 804 capitis
618 767 775 791 causam
796 754 951 798 diceret,
982 753 1161 791 defensus
1195 755 1405 803 aliquoties,

200 805 383 843 liberatus
403 806 643 843 discesserat.
693 807 811 843 Hunc
832 819 906 843 non
926 807 1049 843 solum
1070 807 1108 842 in
1130 808 1312 855 periculis
1334 820 1405 844 non

199 857 376 902 defendit,
398 859 463 895 sed
497 860 611 895 etiam
642 859 814 908 prodidit.
871 859 1045 896 Concidit
1080 866 1207 895 autem
1240 860 1405 896 maxime

199 921 273 946 uno
293 911 465 955 crimine,
487 912 598 960 quod,
620 924 740 960 quum
761 911 860 960 apud
889 924 978 948 eum
1007 924 1199 948 summum
1220 919 1318 948 esset
1338 913 1405 947 im-

199 963 348 1010 perium
382 964 522 1012 populi,
554 972 602 1009 et,
638 964 887 1008 Nicanorem,
922 963 1128 1000 Cassandri
1167 963 1402 1013 praefectum,

198 1014 368 1051 insidiari
391 1016 534 1052 Piraeeo
556 1016 865 1061 Atheniensium,
897 1029 918 1052 a
952 1015 1138 1064 Dercyllo
1173 1023 1402 1061 moneretur,

198 1066 374 1116 idemque
394 1068 613 1117 postularet,
635 1075 676 1106 ut
695 1068 920 1117 provideret,
942 1082 989 1105 ne
1011 1070 1284 1105 commeatibus
1312 1069 1402 1105 civi-

198 1126 255 1155 tas
276 1120 506 1168 privaretur,
536 1121 639 1166 huic,
662 1121 838 1158 audiente
870 1121 1017 1170 populo,
1051 1121 1216 1157 Phocion
1248 1122 1404 1170 negavit

199 1184 280 1208 esse
310 1173 539 1221 periculum,
569 1186 686 1222 seque
708 1173 791 1222 ejus
812 1174 867 1209 rei
900 1173 1070 1209 obsidem
1104 1172 1182 1209 fore
1212 1173 1403 1222 pollicitus

198 1230 266 1260 est.
323 1224 462 1274 Neque
483 1227 535 1262 ita
555 1227 674 1262 multo
695 1232 776 1275 post
805 1225 980 1262 Nicanor
1010 1225 1153 1261 Piraeeo
1174 1233 1230 1262 est
1250 1227 1400 1275 potitus.

199 1276 262 1312 Ad
297 1289 411 1325 quem
446 1279 754 1327 recuperandum
784 1290 905 1326 quum
935 1278 1096 1327 populus
1126 1285 1296 1314 armatus
1316 1291 1402 1314 con-

199 1329 392 1373 currisset,
415 1330 479 1366 ille
500 1343 574 1367 non
594 1331 703 1367 modo
722 1331 914 1366 neminem
949 1330 995 1366 ad
1025 1342 1132 1365 arma
1153 1331 1315 1375 vocavit,
1337 1330 1402 1366 sed

199 1393 246 1417 ne
268 1383 423 1418 armatis
442 1383 596 1431 quidem
631 1395 792 1432 praeesse
812 1383 944 1419 voluit.
1003 1382 1112 1431 [Sine
1142 1395 1217 1431 quo
1239 1383 1403 1418 Athenae

198 1433 350 1469 omnino
370 1446 451 1470 esse
473 1447 546 1470 non
567 1435 756 1483 possunt]

251 1484 319 1522 III.
352 1485 474 1521 Erant
489 1499 532 1522 eo
548 1493 715 1535 tempore
736 1487 900 1522 Athenis
916 1486 1001 1522 duae
1023 1485 1216 1530 factiones,
1238 1499 1402 1534 quarum

199 1550 276 1573 una
308 1538 435 1586 populi
470 1551 627 1574 eausam
648 1538 796 1587 agebat,
819 1538 938 1573 altera
958 1539 1193 1586 optimatum.
1252 1538 1295 1574 In
1329 1539 1401 1575 hac

198 1596 280 1626 erat
300 1590 464 1626 Phocion
485 1596 521 1626 et
541 1589 760 1626 Demetrius
782 1590 1002 1626 Phalereus.
1062 1590 1212 1626 Harum
1241 1597 1401 1638 utraque

198 1641 451 1678 Macedonum
473 1643 691 1690 patrociniis
720 1643 923 1678 nitebatur.
982 1641 1085 1678 Nam
1107 1642 1307 1690 populares
1334 1642 1400 1679 Po-

198 1693 458 1742 lysperchonti
480 1693 682 1740 favebant3
714 1695 912 1743 optimates
947 1707 1035 1730 cum
1072 1694 1285 1731 Cassandro
1318 1707 1400 1731 sen-

197 1746 352 1783 tiebant.
384 1745 539 1782 Interim
560 1759 582 1782 a
603 1745 924 1794 Polysperchonte
941 1747 1156 1783 Cassander
1177 1746 1401 1783 Macedonia

198 1798 331 1847 pulsus
351 1805 418 1835 est.
477 1798 565 1840 Quo
598 1798 697 1835 facto
730 1799 893 1847 populus
922 1799 1094 1847 superior
1123 1798 1247 1834 sactus
1276 1801 1401 1835 statim

197 1850 316 1886 duces
336 1850 564 1887 adversariae
585 1850 758 1887 factionis
779 1851 913 1899 capitis
933 1850 1129 1887 damnatos
1145 1851 1266 1899 patria
1287 1864 1400 1900 pepu-

197 1903 264 1949 lit;
296 1903 335 1938 in
355 1903 413 1939 his
434 1903 661 1939 Phocionem
678 1910 714 1939 et
734 1902 973 1939 Demetrium
996 1903 1247 1939 Phalereum:
1278 1904 1401 1952 deque

197 1968 243 1991 ea
263 1967 303 1991 re
323 1955 468 2004 legatos
490 1955 535 1991 ad
560 1955 920 2004 Polyspercliontem
944 1956 1055 1999 misit,
1078 1956 1143 2004 qui
1165 1956 1211 1991 ab
1238 1969 1280 1992 eo
1302 1964 1419 2004 pete-.

1436 601 1457 635 3

1434 862 1454 895 4

198 2014 292 2050 rent,
315 2014 356 2043 ut
376 2020 447 2044 sua
467 2007 621 2044 decreta
642 2007 896 2044 confirmaret.
947 2007 1038 2044 Huc
1059 2007 1189 2044 eodem
1211 2007 1401 2056 profectus
1430 2012 1452 2045 3

197 2066 254 2096 est
280 2059 459 2096 Phocion.
518 2059 606 2101 Quo
641 2067 682 2097 ut
715 2061 829 2104 venit,
860 2072 1019 2096 causam
1054 2060 1153 2107 apud
1184 2060 1399 2109 Philippum

198 2124 328 2160 regem
362 2113 489 2156 verbo,
530 2125 570 2148 re
604 2113 686 2160 ipsa
721 2112 874 2161 quidem
904 2112 1003 2160 apud
1038 2112 1400 2160 Polysperchontem

195 2163 324 2212 jussus
343 2170 398 2200 est
427 2164 576 2200 dicere:
607 2177 771 2213 namque
792 2165 824 2200 is
854 2171 934 2200 tum
958 2164 1057 2212 regis
1078 2164 1191 2199 rebus
1226 2172 1398 2211 praeerat.

199 2215 275 2251 Hic
310 2216 356 2251 ab
386 2216 589 2264 Agnonide
623 2224 839 2260 accusatus,
862 2216 961 2264 quod
992 2216 1177 2252 Piraeeum
1214 2215 1399 2252 Nicanori

198 2267 432 2316 prodidisset,
454 2281 499 2303 ex
521 2269 668 2304 consilii
689 2270 873 2305 sententia
894 2269 931 2303 in
953 2267 1160 2304 custodiam
1190 2268 1397 2315 conjectus,

200 2318 372 2356 Athenas
388 2319 575 2356 deductus
590 2327 656 2364 est,
672 2327 711 2356 ut
727 2321 778 2356 ibi
792 2321 836 2356 de
853 2333 896 2356 eo
910 2321 1059 2369 legibus
1074 2320 1182 2355 fieret
1193 2319 1396 2367 judicium.

250 2371 320 2408 IV.
352 2371 443 2408 Huc
478 2372 542 2407 ubi
572 2379 795 2420 perventum
830 2379 896 2417 est,
918 2384 1038 2420 quum
1067 2378 1217 2420 propter
1251 2378 1399 2408 aetatem

199 2424 357 2474 pedibus
373 2423 453 2471 jam
474 2436 547 2459 non
567 2423 723 2469 valeret,
746 2424 1001 2471 vehiculoque
1023 2429 1248 2472 portaretur,
1270 2425 1400 2474 magni

198 2488 410 2513 concursus
439 2482 527 2512 sunt
561 2474 664 2520 facti,
686 2488 804 2524 quum
835 2475 911 2519 alii,
944 2475 1232 2512 reminiscentes
1258 2475 1399 2514 veteris
