1651 2790
261 249 316 286 20
627 244 705 284 III.
752 248 786 283 1.
847 242 1103 294 (Aristides.)

218 347 238 380 3
269 342 475 380 constituit.
541 341 717 389 Namque
750 340 850 376 hanc
884 341 1017 376 urbem
1048 340 1085 376 ei
1117 351 1187 375 rex
1216 339 1385 384 donarat,
1404 337 1465 375 his

267 396 421 444 quidem
432 395 558 431 verbis
575 408 582 430 :
614 406 696 442 quae
717 394 753 429 ei
772 405 911 442 panem
932 393 1118 440 praeberet
1134 393 1200 441 (ex
1219 405 1291 440 qua
1309 391 1466 440 regione

268 447 540 496 quinquaginta
567 446 709 482 talenta
736 445 936 493 quotannis
965 444 1182 493 redibant);
1214 444 1467 492 Lampsacum

269 507 406 544 autem,
434 499 535 535 unde
563 499 692 534 vinum
720 504 908 542 suineret3
939 497 1152 544 Myuntem,
1181 508 1230 532 ex
1258 509 1332 544 qua
1358 507 1468 544 opso-

269 553 373 588 nium
408 551 580 587 haberet.
637 550 763 599 Hujus
802 549 850 585 ad
881 556 1051 585 nostram
1082 548 1305 584 memoriam
1339 560 1470 584 monu-
1503 592 1507 593 ⁷

268 611 397 640 menta
424 610 645 639 manserunt
673 603 769 639 duo:
815 602 1033 650 sepulcrum
1061 613 1179 649 prope
1210 600 1401 649 oppidum,
1431 600 1470 636 in

219 660 240 694 4
269 668 343 705 quo
364 663 423 692 est
442 656 612 705 sepultus
632 669 640 700 ;
671 662 801 691 statuae
829 654 870 690 in
888 654 968 690 foro
997 653 1224 702 Magnesiae.
1280 652 1341 689 De
1363 653 1470 701 cujus

269 715 388 745 morte
408 708 639 744 multimodis
660 707 759 756 apud
777 707 979 755 plerosque
1001 706 1183 754 Scriptum
1203 711 1284 741 est:
1311 704 1382 741 sed
1400 716 1471 741 nos

271 760 447 797 eumdem
473 760 715 809 potissimum
743 759 1015 807 Thucydidem
1042 765 1235 794 auctorem
1257 757 1472 806 probamUS,

315 842 362 866 471
430 813 493 861 qui
514 812 621 849 illum
649 812 702 848 ait
729 811 942 860 Magnesiae
970 811 1100 847 morbo
1127 818 1325 854 mortuum,
1345 821 1472 857 neque

280 875 327 905 (al-
340 874 398 904 465)
429 873 556 914 negat,
565 864 685 901 fuisse
696 864 844 908 famam,
852 875 1042 899 venenum
1051 875 1119 899 sua
1129 869 1263 910 sponte
1273 861 1472 905 sumsisse,

280 915 306 931 ‘²'
324 907 355 931 C·
373 914 400 931 ¹²·
431 930 544 966 quum
564 930 621 962 se,
641 929 722 965 quae
742 916 825 965 regi
845 916 893 952 de
920 915 1071 952 Graecia
1098 913 1346 963 opprimenda
1364 914 1473 962 polli-

222 977 242 1008 5
273 972 370 1008 citus
393 978 509 1014 esset,
529 978 708 1018 praestare
728 981 844 1017 posse
865 968 1099 1015 desperaret.
1147 967 1268 1011 Idem,
1284 978 1374 1002 ossa
1391 966 1473 1015 ejus

273 1025 371 1061 clam
391 1024 430 1060 in
450 1023 578 1058 Attica
598 1023 643 1058 ab
673 1021 806 1057 amicis
837 1021 998 1068 sepulta,
1018 1019 1195 1067 quoniam
1221 1018 1372 1068 legibus
1398 1030 1474 1054 non

273 1076 560 1120 concederetur,
576 1074 675 1123 quod
694 1073 918 1123 proditionis
941 1079 1046 1109 esset
1059 1072 1268 1117 damnatus,
1283 1069 1474 1108 memoriae

271 1129 449 1178 prodidit.

445 1368 578 1416 IIL
659 1329 1264 1416 ARISTIDESJ

644 1548 1058 1586 ARGUMENTUM.

283 1653 410 1689 CAP.
431 1652 466 1689 I.
516 1653 700 1690 AEmulus
725 1652 1009 1695 leemz'stoclz's;
1038 1652 1215 1687 multatur
1233 1651 1374 1687 eoesilio.
1418 1651 1477 1689 II.

330 1707 429 1741 Ante
465 1713 602 1753 tempus
635 1712 847 1747 revocatum
885 1711 1022 1753 proetor
1054 1710 1180 1739 contra
1216 1703 1478 1748 Mardonium;

331 1757 518 1806 imperium
530 1757 817 1794 Aclzem'msz‘hus
827 1756 1006 1792 conciliat.
1047 1755 1128 1791 III.
1147 1755 1308 1792 AErario
1321 1763 1478 1806 praeesm

326 1822 467 1859 pauper
485 1817 649 1845 morztur.

236 1917 247 1949 l
334 1915 366 1951 I.
397 1913 599 1957 Aristides,
629 1913 853 1961 Lysimachi
887 1912 1000 1957 filius,
1030 1912 1293 1957 Atheniensis,
1323 1913 1478 1960 aequalis

282 1966 361 2002 fere
381 1965 450 2001 fuit
469 1965 737 2002 Themistocli.
785 1967 916 2013 Itaque
934 1977 1019 2001 cum
1036 1977 1081 2000 eo
1099 1964 1145 2001 de
1161 1964 1374 2013 principatu
1390 1977 1479 2001 con-

231 2022 252 2054 2
282 2018 424 2054 tendit:
466 2031 627 2066 namque
659 2018 913 2054 obtrectarunt
942 2018 1041 2053 inter
1070 2029 1127 2053 se.
1183 2017 1228 2053 In
1261 2017 1322 2053 his
1355 2027 1479 2053 autem

284 2071 476 2119 cognitum
497 2078 568 2115 est,
589 2078 725 2117 quanto
759 2077 966 2106 antestaret
995 2069 1211 2116 eloquentia
1238 2069 1478 2105 innocentiae.

285 2123 521 2170 Quamquam
541 2123 642 2158 enim
668 2122 763 2158 adeo
793 2123 1008 2158 excellebat
1027 2121 1218 2158 Aristides
1240 2121 1479 2166 abstinentia,

327 2206 375 2230 42ss
440 2182 480 2210 ut
498 2188 594 2210 unus
615 2182 701 2223 post
727 2174 921 2210 hominum
947 2173 1180 2218 memoriam,
1201 2174 1300 2221 quod
1327 2173 1478 2221 quidem

297 2221 413 2273 (affice)
441 2240 510 2263 nos
528 2227 771 2271 audierimus,
789 2226 1013 2274 cognomine
1030 2226 1160 2262 Justus
1178 2226 1227 2262 sit
1242 2227 1454 2275 appellatus
1469 2255 1477 2262 .

292 2279 316 2295 ‘¹'
336 2273 365 2295 θ’
385 2279 411 2295 ¹¹·
441 2287 579 2323 tamen,
601 2292 622 2315 a
650 2279 914 2315 Themistocle
945 2278 1229 2323 collabefactus,
1258 2279 1396 2314 testula
1416 2278 1480 2313 illa

237 2335 256 2368 3
288 2333 423 2368 exsilio
444 2332 580 2367 decem
593 2343 775 2367 annorum
795 2332 972 2367 multatus
994 2339 1063 2367 est.
1109 2331 1186 2372 Qui
1201 2331 1354 2378 quidem
1368 2341 1479 2376 quum

287 2385 528 2431 intelhgemt,
544 2384 697 2432 reprimi
718 2384 943 2419 concitatam
962 2383 1238 2419 multitudinem
1256 2394 1331 2418 non
1350 2393 1479 2428 posse,

289 2448 332 2471 ce
342 2435 505 2482 iensque
516 2435 844 2472 animadvertisset
855 2436 1054 2484 quemdam
1064 2435 1306 2477 scribentem,
1314 2439 1354 2468 ut
1360 2433 1480 2480 patrii

288 2487 504 2536 pelleretur,
524 2488 707 2534 quaesisse
737 2489 782 2523 ab
804 2500 850 2523 eo
879 2488 1026 2531 dicitur,
1045 2499 1158 2534 quare
1184 2485 1224 2521 id
1242 2484 1397 2527 faceret,
1418 2491 1478 2521 aut
