1651 2790
586 266 618 305 l.
650 268 689 304 4.
721 264 989 316 (riltltmcles.)
1334 270 1377 305 11

173 364 314 414 oppida
342 364 484 400 tuenda
516 362 749 407 tradidisset,
783 362 932 410 quibus,
967 375 1009 398 sc
1044 374 1242 411 oppresso,
1275 363 1381 399 nulla

174 430 265 466 spes
296 417 429 454 salutis
460 416 747 464 relinqueretur.
787 429 794 437 ·
814 415 858 452 In
895 414 970 451 hoe
1008 414 1078 450 fuit
1113 422 1191 451 tum
1222 428 1380 452 numero

174 469 385 514 Miltiades,
402 469 463 505 cui
479 469 546 505 illa
567 467 739 504 custodia
759 467 990 504 crederetur.
1038 467 1116 504 Hic
1129 480 1243 515 quum
1259 468 1381 504 crebri
1410 469 1432 504 3

175 522 355 558 afferrent
372 521 506 566 nuntii,
527 521 626 557 male
653 533 733 556 rem
764 532 898 568 gerere
930 519 1100 565 Darium,
1120 520 1315 568 premique
1337 521 1382 556 ab

176 574 348 623 Scythis,
369 573 567 610 Miltiades
588 573 756 609 hortatus
779 580 838 608 est
857 571 982 621 pontis
1000 573 1193 616 custodes,
1208 585 1257 608 ne
1275 585 1296 608 a
1311 572 1383 608 for-

174 633 265 662 tuna
290 626 416 663 datam
443 625 691 662 occasionem
715 625 922 662 liberandae
956 624 1115 661 Graeciae
1139 624 1383 661 dimitterent.

177 679 279 715 Nam
307 679 341 714 si
373 691 460 715 cum
495 678 558 714 his
590 678 726 726 copiis,
757 690 850 725 quas
889 689 1023 713 secum
1053 684 1384 725 transportaverat,
1413 679 1434 713 4

176 731 374 768 interisset
403 731 556 775 Darius,
575 743 652 766 non
681 730 804 766 solum
834 729 1030 777 Europam
1058 729 1137 766 fore
1166 736 1295 774 tutam,
1317 729 1387 765 sed

176 784 293 820 etiam
313 796 393 828 eos,
413 784 476 831 qui
496 782 631 819 Asiam
650 782 864 818 incolerent
881 781 1008 818 Graeci
1028 794 1183 830 genere,
1203 782 1345 818 liberos
1365 794 1388 817 a

178 836 383 873 Persarum
402 835 546 872 futuros
574 834 831 870 dominatione
852 841 890 870 et
908 834 1093 882 periculo.
1149 834 1195 870 Id
1215 841 1252 870 et
1272 834 1386 870 facile

178 888 280 924 effici
307 900 449 936 posse;
478 894 593 935 ponte
624 887 726 923 enim
753 886 937 931 rescisso,
968 898 1100 935 regem
1127 887 1190 923 vel
1219 886 1388 923 hostium

177 940 289 985 ferro,
308 940 371 976 vel
386 940 516 988 inopia
530 939 664 987 paucis
685 938 821 975 diebus
842 939 1090 975 interiturum.
1138 939 1199 975 Ad
1210 939 1284 975 hoc
1299 952 1387 975 con·
1417 942 1438 974 5

179 993 308 1029 silium
326 1005 440 1040 quum
458 992 630 1041 plerique
651 991 896 1036 accederent,
918 991 1105 1028 Histiaeus
1127 992 1322 1036 Milesius,
1337 1004 1387 1027 ne

178 1057 241 1082 res
269 1046 532 1089 conficeretur,
564 1044 720 1088 obstitit,
755 1044 914 1081 dicens:
945 1056 1023 1080 non
1053 1043 1157 1080 idem
1183 1044 1294 1092 ipsis,
1324 1044 1387 1092 qui

177 1110 345 1134 summas
366 1096 517 1145 imperii
537 1104 724 1141 tenerent,
746 1096 929 1145 expedire
957 1103 995 1133 et
1020 1096 1263 1141 multitudini,
1289 1096 1388 1144 quod

180 1150 290 1186 Darii
308 1162 426 1198 regno
448 1149 617 1198 ipsorum
643 1149 826 1185 niteretur
846 1149 1075 1193 dominati03
1105 1161 1177 1197 quo
1199 1149 1388 1185 exstincto

179 1202 284 1251 ipsos
316 1209 504 1251 potestate
537 1202 720 1250 expulsos
752 1202 899 1238 civibus
939 1202 1019 1237 suis
1054 1214 1187 1250 poenas
1222 1201 1387 1238 daturos.

180 1255 312 1303 Itaque
342 1255 438 1291 adeo
460 1267 503 1291 se
528 1254 732 1290 abhorrere
753 1267 775 1290 a
795 1261 1009 1290 ceterorum
1038 1254 1214 1298 consilio,
1233 1261 1274 1290 ut
1291 1253 1389 1290 nihil

178 1314 285 1355 putet
310 1306 406 1356 ipsis
435 1306 579 1351 utilius,
599 1319 711 1354 quam
741 1306 954 1342 confirmari
981 1319 1141 1355 reg-num
1170 1307 1387 1343 Persarum.

183 1359 309 1408 Hujus
328 1372 442 1406 quum
462 1359 691 1395 sententiam
710 1358 861 1408 plurimi
876 1366 1009 1395 essent
1024 1359 1160 1404 secuti,
1178 1359 1388 1403 MiltiadeS,
1419 1361 1440 1394 6

181 1423 258 1446 non
277 1410 466 1456 dubitans,
479 1418 555 1446 tam
573 1411 701 1447 multis
723 1411 892 1447 consciis
910 1411 957 1447 ad
976 1411 1081 1460 regis
1098 1424 1210 1448 aures
1226 1411 1390 1447 consilia

183 1475 253 1498 sua
272 1470 512 1510 perventura,
527 1462 815 1499 Chersonesum
833 1464 996 1511 reliquit,
1013 1477 1057 1500 ac
1074 1476 1203 1500 rursus
1217 1463 1389 1499 Athenas

182 1514 421 1563 demigravit.
478 1514 597 1563 Cujus
626 1515 721 1550 ratio
750 1515 823 1550 etsi
846 1527 922 1551 non
940 1516 1070 1560 valuit,
1091 1522 1217 1552 tamen
1235 1527 1390 1563 magno-

182 1579 275 1615 pere
296 1574 356 1603 est
374 1566 574 1611 laudanda,
595 1578 708 1614 quum
729 1566 887 1603 amicior
902 1567 1069 1603 omnium
1088 1567 1266 1612 libertati,
1279 1580 1392 1615 quam

183 1632 261 1655 suae
281 1618 394 1655 fuerit
412 1618 670 1654 dominationi.

237 1671 306 1708 IV.
330 1671 471 1707 Darius
491 1677 629 1715 autem,
642 1683 755 1718 quum
771 1683 820 1706 ex
833 1670 988 1719 Europa
1003 1671 1043 1708 in
1062 1671 1197 1708 Asiam
1211 1672 1390 1717 redisset,
1422 1675 1440 1708 1

182 1723 418 1760 hortantibus
439 1723 586 1767 amicis,
598 1730 638 1759 ut
656 1723 845 1759 Graeciam
865 1723 1060 1772 redigeret
1078 1724 1118 1760 in
1137 1737 1245 1760 suam
1263 1732 1391 1772 potes-

183 1782 310 1821 tatem,
332 1776 498 1812 classem
518 1775 807 1824 quingentarum
835 1776 988 1812 navium
1007 1776 1254 1824 comparavit,
1279 1777 1390 1824 eique

186 1828 315 1865 Datim
334 1827 505 1877 praefecit
525 1834 563 1864 et
590 1827 894 1876 Artaphernem3
923 1828 1060 1876 hisque
1090 1829 1257 1865 ducenta
1283 1829 1391 1877 pedi-

183 1887 274 1925 tum,
298 1880 435 1917 decem
464 1879 572 1916 milia
600 1880 766 1928 equitum
793 1880 921 1917 dedit:
954 1893 1112 1917 causam
1142 1881 1391 1926 interserens,

184 1946 229 1969 se
244 1932 395 1969 hostem
415 1945 504 1969 esse
518 1932 834 1977 Atheniensibus,
846 1933 946 1980 quod
966 1945 1096 1969 eorum
1115 1933 1258 1970 auxilio
1275 1933 1390 1970 Iones

187 1985 320 2022 Sardis
334 1991 631 2033 expugnassent,
648 1997 790 2032 suaque
806 1985 984 2033 praesidia
1000 1985 1296 2022 interfecissent.
1327 1986 1390 2023 Illi
1418 1989 1440 2022 2

185 2037 354 2086 praefecti
374 2036 484 2086 regii,
501 2037 628 2073 classe
650 2037 697 2073 ad
719 2037 905 2073 Euboeam
918 2038 1089 2086 appulsa,
1103 2038 1283 2074 celeriter
1295 2038 1391 2075 Ere-

185 2090 295 2125 triam
314 2096 508 2138 ceperunt,
527 2101 735 2136 omnesque
766 2090 848 2138 ejus
878 2091 1003 2138 gentis
1025 2090 1131 2126 cives
1152 2091 1328 2138 abreptos
1351 2089 1392 2126 in

187 2142 321 2177 Asiam
339 2141 387 2177 ad
405 2153 537 2190 regem
564 2141 760 2177 miserunt.
817 2142 912 2178 Inde
942 2142 989 2178 ad
1016 2142 1183 2178 Atticam
1211 2154 1391 2178 accesse-

187 2200 282 2237 runt,
303 2206 346 2229 ac
367 2206 456 2229 suas
478 2193 608 2241 copias
629 2192 669 2229 in
695 2206 870 2242 campum
898 2194 1125 2230 Marathona
1140 2194 1390 2230 deduxerunt.

188 2245 228 2281 Is
249 2245 357 2280 abest
375 2246 420 2280 ab
441 2245 581 2293 oppido
605 2245 759 2281 circiter
778 2245 883 2282 milia
901 2258 1084 2294 passuum
1103 2247 1252 2282 decem.
1301 2246 1389 2283 Hoc
1419 2250 1441 2283 3

187 2296 347 2332 tumultu
366 2295 626 2332 Athenienses
646 2304 722 2332 tam
736 2297 959 2355 ..propinquo
978 2304 1128 2345 tamque
1147 2310 1285 2346 magno
1304 2311 1390 2347 per-

188 2348 279 2384 moti
299 2347 480 2383 auxilium
493 2360 690 2395 nusquam,
705 2349 781 2384 nisi
797 2362 819 2384 a
833 2349 1136 2385 Lacedaemoniis
1141 2350 1390 2398 ‚petiverunt‚

189 2399 533 2448 Phidippidemque
563 2411 756 2435 cursorem
783 2401 865 2456 ejus
895 2401 1060 2448 generis,
1080 2402 1144 2449 qui
1171 2405 1235 2448 ημε
1238 2403 1389 2453 ξοὸξόμοι

189 2459 382 2495 vocantur,
413 2451 730 2487 Lacedaemonem
759 2452 954 2496 miserunt,
985 2460 1025 2489 ut
1048 2454 1248 2500 nuntiaret,
1278 2468 1390 2503 quam

188 2503 309 2540 celeri
322 2515 417 2552 opus
434 2510 540 2539 esset
552 2503 706 2539 auxilio,
737 2503 851 2540 Domi
863 2511 988 2541 autem
1003 2512 1134 2542 creant
1149 2507 1283 2544 decem
1296 2520 1389 2556 prae-
1418 2511 1439 2544 4
