1651 2790
495 244 564 284 IV.
617 249 654 284 3.
718 245 1007 296 (Pausanias.)
1297 246 1350 282 23

147 344 283 393 quibus
297 342 381 380 haec
398 342 518 380 fuisse
535 341 677 392 scripta
692 341 945 390 Thucydides
958 353 1148 377 memoriae
1160 339 1348 390 prodidit:

151 397 379 441 Pausanias,
400 396 474 432 dum
497 395 655 446 Spartae,
675 408 766 444 quos
783 394 968 445 Byzantii
988 401 1141 443 ceperat,
1156 401 1352 443 postquam

144 451 367 500 propinquos
395 456 478 486 tuos
505 449 684 497 cognovit,
706 448 774 484 tibi
802 447 943 483 muneri
970 447 1083 491 misit,
1112 460 1217 495 seque
1238 454 1352 482 tecum

149 503 324 553 affinitate
355 502 527 552 conjungi
556 502 679 551 cupit:
713 513 836 550 quare,
865 501 900 536 si
933 499 1000 535 tibi
1036 499 1190 542 videtur,
1225 499 1288 535 des
1321 497 1353 533 ei

147 555 274 606 filiam
294 562 394 591 tuam
412 562 575 604 nuptum.
619 553 668 590 Id
686 555 720 590 si
727 552 880 604 feceris,
900 559 935 589 et
957 552 1132 601 Spartam
1151 558 1185 587 et
1200 558 1352 587 ceteram

154 607 334 643 Graeciam
349 607 416 644 sub
437 614 536 643 tuam
549 613 779 657 potestatem,
792 619 831 642 se
846 606 1054 654 adjuvaute,
1071 611 1104 640 te
1123 604 1354 641 redacturum

148 660 347 712 pollicetur.
404 659 484 697 His
513 660 555 696 de
588 659 696 695 rebus
725 660 760 696 si
791 659 879 708 quid
906 659 991 708 geri
1020 657 1190 702 volueris,
1220 662 1354 692 certum

149 713 324 749 hominem
343 712 391 749 ad
416 726 495 748 eum
513 711 750 762 mittasface,
771 725 849 748 cum
868 725 936 761 quo
963 710 1197 759 colloquatur.
1254 708 1354 752 ReX,

149 772 202 801 tot
220 765 415 802 hominum
434 766 570 810 salute,
589 772 666 800 tam
694 764 767 801 sibi
786 763 1106 807 necessariorum,
1122 772 1354 810 magnopere

150 817 318 866 gavisus,
348 817 551 854 confestim
579 830 666 854 cum
695 817 859 866 epistola
879 817 1110 853 Artabazum
1139 815 1187 851 ad
1211 815 1355 852 Pausa-

149 870 252 906 niam
279 869 402 915 mittit,
422 870 462 906 in
490 882 564 918 qua
593 883 680 906 eum
705 869 908 914 collaudat,
929 882 973 905 ac
1002 868 1108 918 petit,
1128 880 1177 904 ne
1209 867 1271 903 cui
1299 865 1356 902 rei

149 930 280 970 parcat
296 922 344 958 ad
364 935 411 959 ea
429 922 676 971 perficienda,
692 936 776 971 quae
791 922 1005 971 pollicetur.
1049 921 1093 957 Si
1112 919 1262 964 fecerit,
1274 918 1356 955 nul-

149 974 224 1011 lius
244 975 300 1010 rei
317 988 338 1011 a
358 988 400 1011 so
417 975 610 1024 repulsam
628 976 801 1012 laturum.
850 975 976 1024 HujUs
994 972 1207 1011 Pausanias
1222 972 1356 1008 volun-

149 1034 224 1063 tate
247 1028 409 1076 cognita,
431 1028 594 1064 alacrior
623 1028 670 1064 ad
688 1041 770 1064 rem
789 1027 997 1077 gerendam
1016 1026 1152 1070 factus,
1172 1025 1212 1061 in
1232 1024 1356 1072 suspi-

151 1079 302 1116 cionem
322 1081 464 1117 cecidit
485 1080 876 1117 Lacedaemoniorum.
924 1080 969 1116 In
996 1091 1069 1127 quo
1089 1078 1188 1115 sacto
1205 1077 1357 1113 domum

149 1140 366 1178 revocatus,
387 1140 590 1169 accusatus
608 1133 758 1181 capitis,
775 1132 1006 1177 absolvitur3
1035 1131 1211 1168 multatur
1229 1137 1358 1166 tamen

150 1186 336 1233 pecunia:
366 1198 478 1233 quam
493 1187 540 1222 ob
561 1199 718 1222 causam
737 1186 784 1222 ad
804 1186 972 1222 classem
985 1183 1171 1221 remissus
1191 1195 1269 1219 non
1285 1188 1355 1218 est.

203 1237 278 1274 ΙΠ.
318 1239 369 1274 At
388 1238 453 1274 ille
474 1245 561 1287 post
587 1251 664 1275 non
684 1239 800 1275 multo
830 1251 899 1274 sua
922 1244 1057 1286 sponte
1078 1236 1126 1273 ad
1147 1235 1358 1272 exercitum

151 1289 274 1335 rediit,
296 1297 334 1326 et
362 1290 413 1327 ibi
441 1304 519 1327 non
549 1291 700 1335 callida,
721 1291 792 1327 sed
819 1290 987 1327 dementi
1015 1289 1162 1326 ratione
1193 1287 1358 1336 cogitata

150 1342 344 1389 patefecit.
400 1343 490 1380 Non
519 1343 622 1380 enim
652 1356 778 1380 mores
806 1343 949 1392 patrios
980 1343 1115 1387 solum,
1144 1341 1215 1377 sed
1244 1340 1359 1381 etiam

153 1394 295 1430 cultum
314 1395 567 1444 vestitumque
596 1396 765 1433 mutavit.
821 1397 1017 1444 Apparatu
1044 1394 1151 1443 regio
1170 1393 1355 1436 utebatur,

154 1454 259 1481 veste
278 1446 458 1490 Medica3
488 1448 676 1484 satellites
698 1448 807 1485 Medi
828 1455 865 1484 et
880 1448 1059 1496 AEgyptii
1079 1447 1356 1494 sequebantur3

155 1498 375 1545 epulabatur
401 1511 506 1535 more
538 1499 744 1536 Persarum
769 1500 1016 1544 luxuriosius,
1036 1511 1159 1547 quam,
1179 1498 1243 1546 qui
1269 1497 1358 1533 ade-

153 1557 247 1594 rant,
276 1551 425 1598 perpeti
461 1559 643 1599 possent3
684 1551 825 1587 aditum
851 1551 1068 1599 petentibus
1103 1549 1358 1586 conveniendi

153 1614 229 1637 non
255 1602 389 1647 dabat3
419 1604 582 1651 superbe
612 1604 878 1652 respondebat,
902 1603 973 1653 [et]
1006 1603 1211 1639 crudeliter
1239 1601 1358 1651 impe-

153 1654 269 1690 rabat.
327 1655 502 1703 Spartam
529 1655 654 1691 redire
683 1656 849 1692 nolebat.
907 1656 1086 1700 Coffinns,
1106 1654 1169 1703 qui
1188 1655 1297 1691 locus
1318 1654 1359 1690 in

154 1718 243 1754 agro
264 1707 298 1743 T
302 1707 416 1743 roade
452 1714 523 1752 est,
551 1720 594 1744 se
630 1708 861 1744 contulerat:
892 1708 945 1744 ibi
976 1708 1139 1744 consilia
1161 1719 1275 1755 quum
1293 1719 1358 1754 pa-

154 1759 244 1803 triae,
263 1767 342 1795 tum
367 1760 440 1796 sibi
468 1760 625 1796 inimica
650 1761 837 1809 capiebat.
894 1760 939 1797 Id
957 1767 1156 1809 postquam
1177 1760 1359 1796 Lacedae-

153 1811 271 1847 monii
290 1812 516 1857 rescierunt,
536 1813 684 1862 legatos
705 1813 753 1849 ad
773 1826 860 1849 eum
889 1825 975 1849 cum
995 1813 1144 1862 scytala
1161 1812 1358 1856 miserunt,

154 1862 194 1899 in
213 1876 287 1911 qua
313 1876 417 1901 more
437 1865 588 1901 illorum
611 1872 692 1902 erat
720 1865 926 1914 scriptum:
957 1865 1033 1902 nisi
1062 1865 1214 1902 domum
1231 1877 1359 1901 rever-

153 1922 308 1961 teretur,
329 1929 372 1953 se
394 1917 531 1966 capitis
561 1930 649 1954 eum
676 1918 932 1955 damnaturos.
988 1918 1076 1955 Hoc
1104 1917 1237 1954 nuntio
1257 1929 1358 1953 com-

153 1975 290 2013 motus,
306 1981 478 2018 sperans,
498 1982 541 2006 se
563 1970 678 2007 etiam
696 1978 775 2007 tum
793 1971 959 2019 pecunia
976 1977 1013 2007 et
1026 1970 1197 2019 potentia
1211 1970 1358 2006 instans

154 2020 367 2068 periculum
385 2034 503 2070 posse
524 2022 733 2071 depellere,
750 2023 903 2059 domum
916 2023 1042 2060 rediit.
1083 2022 1172 2059 Huc
1187 2029 1228 2058 ut
1241 2021 1357 2066 venit,

156 2073 202 2108 ab
219 2072 372 2121 ephoris
393 2074 433 2110 in
450 2074 605 2111 vincula
619 2076 774 2124 publica
793 2076 991 2125 conjectus
1012 2082 1084 2111 est.
1128 2075 1242 2111 Licet
1257 2074 1359 2110 enim

156 2124 306 2172 legibus
346 2138 476 2162 eorum
506 2127 628 2164 cuivis
659 2127 802 2176 ephoro
838 2127 913 2164 hoc
942 2127 1072 2164 facere
1100 2126 1196 2176 regi.
1253 2126 1358 2163 Hinc

155 2183 283 2212 tamen
301 2190 344 2214 se
366 2179 584 2227 expedivit3
604 2192 728 2227 neque
749 2192 795 2216 eo
810 2179 933 2229 magis
955 2181 1108 2216 carebat
1123 2178 1358 2227 suspicione.

157 2227 260 2265 Nam
279 2230 406 2276 opinio
425 2232 613 2276 manebat,
634 2245 721 2268 eum
741 2245 827 2269 cum
845 2245 937 2281 rege
956 2232 1098 2268 habere
1120 2231 1358 2268 societatem.

158 2279 232 2316 Est
264 2294 385 2329 genus
429 2283 618 2329 quoddam
666 2284 874 2329 hominum,
910 2284 1011 2332 quod
1047 2284 1155 2320 Ilotae
1190 2290 1358 2327 vocatur,

157 2344 314 2380 quorum
333 2346 470 2382 magna
497 2335 695 2372 multitudo
724 2349 835 2384 agros
861 2335 1239 2372 Lacedaemoniorum
1267 2335 1359 2371 colit

158 2397 427 2433 servorumque
454 2398 610 2422 munere
630 2387 808 2435 fungitur.
865 2388 950 2424 Hos
979 2399 1126 2435 quoque
1147 2386 1357 2424 sollicitare

158 2449 227 2484 spe
260 2437 446 2474 libertatis
481 2437 778 2475 existimabatur.
835 2440 915 2475 Sed
943 2439 1043 2487 quod
1074 2439 1207 2476 harum
1233 2451 1360 2475 rerum

161 2489 302 2526 nullum
339 2497 418 2526 erat
457 2497 627 2539 apertum
660 2491 817 2535 crimen,
851 2504 925 2540 quo
963 2491 1069 2541 argui
1105 2498 1250 2540 posset,
1282 2503 1360 2528 non

1380 393 1401 428 3

1380 553 1403 586 4

1383 710 1406 742 5

1384 1394 1408 1427 ἐξ)

1387 2442 1406 2476 7
