1651 2790
222 428 236 463 i

216 636 239 671 2

219 844 240 878 3

219 1886 239 1919 δῦ

276 228 330 265 46
642 222 696 263 Χ.
747 227 784 272 9,
812 226 873 263 10.
933 222 1095 273 (Dion.)

270 322 317 358 ad
328 320 590 358 maturandum
603 321 812 357 concitatus
829 328 899 365 est,
911 332 1050 356 verens
1076 331 1124 355 ne
1145 318 1248 367 prius
1267 317 1464 356 consilium

271 374 479 423 aperiretur
498 386 618 417 suum,
638 385 750 420 quam
770 380 905 409 conata
923 372 1164 420 perfecisset.

321 426 393 462 IX.
449 425 535 462 Hac
554 432 680 461 mente
699 425 869 473 proximo
890 424 952 460 die
972 424 1081 468 festo,
1101 435 1213 470 quum
1239 435 1260 458 a
1281 430 1465 460 conventu

297 495 346 519 355
428 490 470 513 se
491 484 674 513 remotum
687 478 789 514 Dion
809 477 908 513 domi
928 483 1087 520 teneret,
1102 484 1211 523 atque
1232 476 1272 512 in
1292 475 1465 512 conclavi

265 534 292 552 ³·
304 528 335 552 C·
348 535 374 551 ¹¹·
427 529 527 565 edito
546 529 796 573 recubuisset,
818 528 986 565 consciis
1014 529 1101 564 loca
1119 528 1319 564 munitiora
1337 528 1465 576 oppidi

268 581 380 617 tradit
397 596 405 626 3
435 581 586 617 domum
606 581 788 617 custodiis
811 581 934 629 sepit3
964 594 986 616 a
1006 580 1147 616 foribus
1168 581 1230 628 qui
1249 593 1325 616 non
1341 580 1466 617 disce-

269 634 370 678 dant,
405 641 528 669 certos
558 634 737 681 praeficit3
771 646 907 669 navem
938 632 1131 668 triremem
1164 633 1314 668 armatis
1348 639 1465 677 ornat,

269 685 586 733 Philostratoque,
605 685 709 721 fratri
729 697 810 730 suo,
830 685 952 730 tradit,
973 697 1129 732 eamque
1150 684 1190 720 in
1208 692 1316 732 portu
1331 684 1466 732 agitari

263 738 382 787 jubet,
401 744 441 773 ut
473 738 507 773 si
540 750 722 774 exercere
743 737 909 785 remiges
929 737 1069 773 vellet:
1102 736 1287 785 cogitans,
1308 737 1342 772 si
1370 737 1463 773 forte

270 789 443 826 consiliis
463 789 675 826 obstitisset
702 789 860 834 fortuna,
879 796 919 825 ut
945 789 1114 833 haberet,
1142 801 1214 837 quo
1243 788 1391 838 fugeret
1419 789 1466 826 ad

270 842 441 878 salutem.
499 842 661 878 Suorum
689 849 813 878 autem
840 855 860 878 e
888 853 1044 877 numero
1076 840 1309 889 Zacynthios
1339 841 1466 878 adole-

270 901 424 930 scentes
445 894 626 941 quosdam
647 894 765 943 eligit,
786 907 899 941 quum
918 893 1206 937 audacissimos,
1226 901 1304 929 tum
1323 894 1464 930 viribus

269 946 468 990 maximis;
508 945 643 993 hjsque
676 947 738 982 dat
769 947 973 994 negotium,
1009 945 1080 995 [ut]
1117 945 1164 981 ad
1194 945 1360 982 Dionem
1380 953 1466 982 eant

269 998 447 1041 inermes,
461 998 517 1034 sic
531 1005 570 1034 ut
586 998 839 1034 conveniendi
856 999 938 1047 ejus
955 997 1074 1046 gratia
1092 998 1309 1034 viderentur
1320 998 1464 1034 venire.

271 1050 325 1086 Hi
357 1058 509 1098 propter
536 1051 707 1086 notitiam
736 1058 822 1086 sunt
849 1050 1068 1086 intromissi.
1125 1051 1174 1086 At
1202 1049 1271 1094 illi,
1291 1057 1332 1086 ut
1349 1050 1467 1086 limen

270 1103 352 1151 ejus
381 1103 573 1147 intrarunt,
594 1102 734 1139 foribus
755 1103 953 1147 obseratis,
973 1102 1012 1138 in
1045 1102 1146 1138 lecto
1180 1103 1379 1138 cubantem
1410 1103 1466 1139 in-

268 1155 418 1199 vadunt,
440 1154 646 1202 colligant;
675 1156 716 1191 fit
745 1155 936 1203 strepitus,
953 1155 1048 1190 adeo
1076 1161 1116 1190 ut
1145 1154 1315 1190 exaudiri
1334 1161 1467 1202 posset

269 1206 373 1242 foris.
430 1207 520 1250 Hic,
542 1207 641 1243 sicut
670 1214 755 1243 ante
792 1207 929 1256 [saepe]
962 1207 1103 1242 dictum
1124 1214 1193 1250 est,
1213 1219 1324 1254 quam
1342 1207 1467 1242 invisa

270 1259 319 1294 sit
338 1258 541 1307 singularis
561 1260 741 1307 potentia,
762 1266 800 1295 et
831 1259 1047 1295 miseranda
1066 1258 1154 1303 vita,
1175 1259 1237 1306 qui
1265 1271 1308 1295 se
1336 1258 1466 1297 metui.

269 1323 378 1358 quam
408 1310 524 1346 amari
546 1311 698 1356 malunt,
719 1310 840 1347 cuivis
862 1311 975 1347 facile
996 1311 1194 1347 intellectu
1213 1310 1293 1346 fuit.
1350 1311 1467 1347 Nam-

269 1375 341 1410 que
362 1362 419 1398 illi
438 1362 513 1410 ipsi
534 1363 725 1408 custodes,
746 1363 779 1399 si
791 1364 953 1411 propitia
972 1363 1137 1399 fuissent
1155 1363 1358 1407 voluntate,
1379 1363 1467 1398 fori-

268 1416 338 1451 bus
360 1414 525 1450 effractis
546 1427 700 1452 servare
722 1428 807 1451 eum
836 1416 1060 1463 potuissent,
1080 1415 1179 1462 quod
1209 1415 1273 1465 illi·
1286 1415 1467 1459 inermes,

268 1468 386 1503 telum
423 1466 514 1502 foris
554 1467 781 1515 flagitantes,
817 1468 946 1503 vivum
982 1468 1172 1503 tenebant.
1245 1467 1318 1503 Cm'
1355 1479 1468 1514 quum

270 1526 508 1555 succurreret
526 1531 650 1564 nemo,
672 1520 780 1568 Lyco
801 1519 952 1566 quidam
973 1520 1238 1567 Syracusanus
1258 1531 1326 1568 per
1341 1517 1467 1556 fenes-

268 1579 344 1606 tras
366 1571 532 1619 gladium
551 1571 666 1617 dedit,
687 1583 760 1620 quo
781 1571 883 1608 Dion
902 1571 1124 1607 interfectus
1146 1578 1216 1607 est.

321 1623 372 1659 X.
429 1623 615 1659 Confecta
649 1625 766 1668 caede,
801 1636 914 1671 quum
945 1623 1140 1659 multitudo
1167 1622 1318 1659 visendi
1348 1623 1468 1671 gratia

269 1675 475 1718 introisset,
508 1676 678 1711 nonnulli
712 1677 757 1712 ab
791 1675 925 1711 insciis
958 1687 1024 1723 pro
1054 1675 1180 1711 noxiis
1205 1675 1464 1711 conciduntur.

270 1727 371 1763 Nam
405 1727 523 1762 celeri
559 1740 706 1764 rumore
741 1728 868 1771 dilato,
903 1727 1020 1763 Dioni
1052 1727 1129 1762 vim
1167 1727 1331 1771 allatam,
1360 1727 1467 1763 multi

271 1786 549 1822 concurrerant,
571 1779 704 1825 quibus
720 1780 794 1815 tale
815 1778 964 1814 facinus
986 1779 1224 1826 displicebat.
1282 1779 1348 1823 Hi,
1369 1779 1467 1815 salsa

270 1829 490 1878 suspicione
524 1830 638 1875 ducti,
676 1831 918 1867 immerentes
955 1838 995 1866 ut
1027 1831 1236 1866 sceleratos
1274 1831 1465 1868 occidunt.

273 1882 398 1930 Hujus
420 1882 466 1917 de
486 1889 604 1917 morte
632 1890 672 1918 ut
703 1884 829 1931 palam
861 1882 1001 1918 factum
1021 1890 1091 1927 est,
1118 1882 1341 1918 mirabiliter
1360 1883 1466 1932 vulgi

269 1940 410 1970 mutata
443 1941 501 1969 est
533 1934 718 1971 voluntas.
775 1935 876 1970 Nam
908 1934 971 1982 qui
990 1934 1116 1970 vivum
1150 1947 1236 1970 eum
1267 1942 1466 1983 tyrannum

269 1986 488 2030 vocitarant‚
508 1986 624 2021 iidem
655 1987 894 2023 liberatorem
923 1987 1052 2034 patriae
1081 1985 1304 2034 tyrannique
1335 1987 1466 2036 expul-

271 2050 396 2074 sorem
423 2038 688 2086 praedicabant.
745 2039 811 2075 Sic
841 2039 963 2074 subito
984 2039 1246 2074 misericordia
1274 2039 1361 2075 odio
1381 2052 1466 2075 suc-

271 2096 454 2133 cesserat,
474 2097 513 2125 ut
533 2102 618 2126 eum
638 2103 707 2127 suo
727 2091 923 2139 sanguine,
938 2091 970 2126 si
990 2099 1159 2138 possent,
1181 2092 1226 2127 ab
1246 2090 1464 2127 Acheronte

271 2149 455 2190 cuperent
483 2142 683 2178 redimere.
740 2143 870 2191 Itaque
904 2143 943 2179 in
972 2143 1076 2187 urbe,
1099 2143 1347 2179 celeberrimo
1367 2143 1465 2188 loco,

271 2195 391 2230 elatus
411 2194 576 2241 publice,
597 2194 764 2242 sepulcri
784 2202 1023 2231 monumento
1044 2195 1202 2231 donatus
1224 2202 1294 2230 est.
1352 2195 1465 2231 Diem

270 2245 363 2282 obiit
383 2245 534 2282 circiter
554 2258 672 2282 annos
693 2247 961 2295 quinquaginta
980 2247 1142 2294 quinque
1159 2254 1281 2290 natus,
1297 2255 1463 2294 quartum

270 2305 355 2347 post
374 2310 524 2343 annum,
544 2310 654 2347 quam
674 2311 722 2335 ex
741 2299 930 2348 Pelopom
943 2311 1010 2335 eso
1030 2299 1069 2335 in
1090 2298 1266 2336 Siciliam
1289 2299 1452 2335 redierat
