1651 2790
186 1501 198 1534 l

183 1970 205 2003 3

244 249 297 285 82
585 242 683 284 XX.
748 249 782 284 1.
847 242 1107 297 (Timoleon.)

240 344 363 390 samae,
398 345 518 382 aetatis
544 346 841 392 misererentu13
875 345 1031 405 plulimi
1060 358 1150 382 velo
1183 346 1241 382 ira
1275 357 1422 383 exacue

239 405 372 435 rentur
390 404 541 447 propter
561 398 779 447 proditionis
808 399 1063 446 suspicionem
1091 398 1240 443 Pi1aeei‚
1261 399 1440 436 maxime-

239 463 325 499 que,
347 451 446 499 quod
467 450 650 486 adversus
679 451 807 499 populi
829 450 1026 487 commoda
1059 451 1097 486 in
1117 458 1313 488 senectute
1333 458 1440 488 stete.

239 511 310 539 rat.
342 503 432 545 Qua
451 502 497 539 de
519 515 560 539 re
576 515 624 539 ne
645 503 846 552 perorandi
861 502 1015 550 quidem
1030 504 1066 539 ei
1085 502 1174 539 data
1190 510 1246 540 est
1266 503 1441 549 facultas,

238 562 274 591 et
302 554 452 592 dicendi
472 567 645 592 causam.
702 554 794 592 Inde
822 555 977 603 judicio,
1007 555 1187 604 legitimis
1214 556 1442 604 quibusdam

238 607 433 651 confectis,
463 607 676 652 damnatus,
698 606 859 644 traditus
887 613 943 643 est
970 607 1148 644 undecim
1169 608 1274 653 viris,
1304 609 1442 657 quibus

238 659 284 695 ad
304 660 535 709 supplicium
549 672 653 696 more
670 659 966 696 Atheniensium
988 660 1141 708 publice
1157 659 1327 696 damnati
1345 661 1443 697 tradi

237 712 370 748 solent.
429 712 505 748 Hic
526 724 645 761 quum
667 711 712 748 ad
734 718 892 748 mortem
913 711 1132 757 duceretur,
1154 712 1288 748 obvius
1308 712 1343 748 ei
1372 711 1443 749 fuit

237 763 506 813 Emphyletus‚
528 777 602 813 quo
624 763 864 800 familiariter
884 764 1009 800 fuerat
1030 776 1135 800 usus.
1194 764 1230 800 Is
1250 777 1369 812 quum
1389 765 1442 800 la-

236 816 404 853 crimans
431 816 609 853 dixisset:
639 829 659 852 o
678 829 786 864 quam
819 817 975 864 indigna
997 818 1212 864 prepeteris‚
1242 815 1409 853 Phocion
1425 817 1442 852 s

235 869 326 905 huic
346 869 423 913 ille,
445 875 483 906 at
501 881 572 905 non
591 870 789 916 inopinata,
811 869 956 916 inquit:
986 870 1081 905 hunc
1101 871 1194 906 enim
1215 871 1346 905 exitum
1363 869 1441 916 ple-

236 922 339 969 rique
360 922 453 958 clari
484 923 558 957 viri
589 921 791 957 habuerunt
812 920 1068 958 Athenienses.
1124 921 1166 957 In
1196 920 1268 957 hoc
1296 928 1442 957 tantum

236 972 308 1010 fuit
335 973 464 1010 odium
497 973 762 1018 multitudinis,
786 980 826 1010 ut
859 986 971 1010 nemo
991 986 1108 1010 ausus
1142 974 1189 1010 sit
1223 985 1312 1009 eum
1346 974 1441 1010 liber

235 1025 409 1074 sepelire.
467 1025 600 1075 Itaque
621 1038 643 1062 a
663 1027 785 1063 servis
805 1026 980 1075 sepultus
1003 1033 1072 1062 est.

471 1301 612 1348 XX.
688 1301 1179 1348 TIMOLEON

287 1498 316 1535 I.
354 1498 548 1543 Timoleon,
575 1498 799 1536 Cormthius.
842 1499 933 1534 Sine
954 1498 1068 1535 dubio
1088 1512 1253 1548 magnus
1271 1499 1440 1536 omnium

229 1551 375 1599 judicio
395 1551 457 1587 hic
478 1552 536 1587 vir
556 1552 710 1588 exstitit.
755 1551 936 1600 Namque
953 1552 1043 1588 huic
1064 1553 1131 1588 uni
1152 1552 1320 1601 contigit,
1341 1551 1438 1600 quod

233 1604 361 1640 nescio
382 1616 429 1639 an
460 1604 540 1647 ulli,
563 1610 602 1640 ut
631 1610 667 1641 et
687 1604 861 1652 patriam,
892 1605 930 1639 in
950 1617 1025 1653 qua
1045 1611 1126 1640 erat
1146 1611 1270 1648 natus,
1291 1617 1438 1653 oppres-

234 1668 315 1691 sam
337 1669 359 1692 a
378 1663 542 1704 tyranno
570 1657 761 1700 liberaret,
784 1662 820 1692 et
841 1669 860 1691 a
882 1655 1101 1704 Syracusis,
1128 1657 1266 1704 quibus
1297 1657 1439 1693 auxilio

237 1715 318 1744 erat
337 1709 487 1753 missus,
502 1710 752 1745 inveteratam
768 1708 991 1744 servitutem
1012 1708 1230 1756 depelleret,
1245 1715 1436 1757 totamque

235 1759 419 1804 Siciliam,
450 1761 588 1797 multos
609 1773 726 1796 annos
748 1760 845 1796 bello
866 1767 1042 1796 vexatam
1064 1773 1086 1796 a
1108 1760 1355 1808 barbarisque
1376 1773 1437 1808 op-

235 1823 415 1859 pressam,
438 1825 506 1848 suo
527 1813 691 1849 adventu
723 1813 760 1847 in
782 1812 983 1859 pristinum
1004 1813 1234 1848 restitueret.
1290 1811 1364 1848 Sed
1398 1813 1437 1848 in

233 1863 293 1900 his
327 1864 440 1900 reims
474 1877 548 1900 non
581 1864 744 1913 simplici
779 1862 929 1899 fortuna
963 1864 1200 1900 conflictatus
1234 1871 1301 1909 est,
1332 1871 1379 1908 et,
1400 1864 1436 1900 id

234 1915 333 1964 quod
353 1915 547 1952 difficilius
567 1923 731 1965 putatur,
750 1915 867 1951 multo
884 1916 1091 1964 sapientius
1111 1916 1196 1952 tulit
1215 1916 1436 1961 secundam,

235 1980 350 2016 quam
371 1967 571 2004 adversam
592 1967 795 2004 fortunam.
853 1967 958 2004 Nam
978 1980 1102 2016 quum
1127 1968 1247 2005 frater
1268 1969 1350 2016 ejus
1372 1968 1436 2005 Ti-

234 2020 452 2068 mophanes,
475 2020 552 2056 dux
586 2032 609 2056 a
637 2020 842 2057 Corinthiis
875 2020 1057 2065 delectus,
1092 2020 1336 2069 tyrannidem
1370 2033 1436 2069 per

235 2073 373 2108 milites
393 2073 650 2109 mercenarios
679 2079 913 2120 occupasset,
942 2073 1207 2122 particepsque
1228 2073 1335 2122 regni
1355 2085 1435 2121 pos-

234 2130 291 2160 set
311 2137 418 2161 esse:
447 2131 596 2162 tantum
617 2124 738 2161 abfuit
758 2137 781 2160 a
801 2125 979 2161 societate
999 2125 1169 2170 sceleris,
1191 2132 1231 2162 ut
1253 2125 1435 2162 antetule-

235 2177 284 2213 rit
313 2189 469 2213 suorum
503 2178 647 2214 civium
675 2177 889 2213 libertatem
921 2176 1048 2213 fratris
1077 2178 1202 2222 saluti,
1233 2184 1270 2214 et
1303 2189 1436 2226 parere

234 2229 396 2278 legibus,
426 2242 544 2278 quam
576 2231 766 2279 imperare
799 2230 942 2278 patrue,
977 2230 1095 2266 satius
1126 2229 1287 2267 duxerit.
1350 2229 1436 2266 Hac

235 2289 360 2318 mente
390 2295 457 2331 per
476 2283 732 2331 haruspicem,
754 2294 1073 2330 communemque
1101 2281 1265 2326 affinem,
1287 2283 1351 2318 cui
1379 2295 1435 2319 so-

235 2345 309 2377 ror,
330 2347 377 2370 ex
398 2334 539 2371 eisdem
569 2334 788 2383 parentibus
816 2340 915 2378 nata,
936 2343 1054 2383 nupta
1082 2341 1173 2379 erat,
1196 2334 1350 2370 fratrem
1374 2339 1434 2381 ty-

236 2396 400 2422 rannum
426 2386 731 2424 interficiendum
751 2387 914 2423 curavit.
972 2385 1057 2435 Ipse
1077 2399 1150 2423 non
1170 2386 1279 2423 modo
1298 2397 1434 2422 manus

235 2449 310 2473 non
332 2439 469 2483 attulit,
491 2438 556 2475 sed
576 2451 623 2476 ne
651 2439 847 2488 adspicere
867 2438 1021 2487 quidem
1050 2438 1260 2476 fraternum
1281 2438 1432 2486 sangui-

235 2500 323 2524 nem
343 2490 474 2527 voluit.
531 2491 648 2536 Nam,
669 2491 759 2528 dum
775 2503 837 2527 res
856 2491 1119 2535 conficeretur,
1133 2489 1264 2540 procul
1284 2490 1322 2526 in
1341 2501 1431 2538 prae-
