1651 2790
278 244 332 282 28
593 238 654 280 VI
727 242 765 287 2,
789 242 825 278 3.
885 236 1150 291 (Lysander)

273 337 455 376 factiosus
472 336 668 384 audaxque
684 335 832 380 suisset,
849 335 906 372 sic
923 335 995 371 sibi
1011 334 1181 379 indulsit,
1196 340 1236 370 ut
1256 335 1337 383 ejus
1353 345 1468 384 opera

272 391 313 428 in
330 390 534 427 maximum
553 389 681 425 odium
711 364 871 424 Graec’iae
901 386 1181 424 Lacedaemon
1173 399 1185 423 1
1213 387 1468 435 pervenerint.

224 445 245 479 4
430 442 531 479 Nam
543 454 654 489 quum
662 441 760 476 hanc
771 452 924 476 causam
935 439 1218 476 Lacedaemonii
1231 439 1472 475 dictitassent

289 482 385 540 miffse
431 494 503 530 sibi
519 506 607 530 esse
620 493 724 537 belh
737 500 776 528 ut
789 491 1104 528 Atheniensium
1095 498 1341 539 impotentem
1354 491 1471 527 domi-

290 548 386 572 Deobr.
431 546 624 582 nationem
670 545 934 593 refringerent,
973 551 1171 592 postquam
1209 543 1308 592 apud
1344 544 1470 592 AEgos

275 588 300 605 a
319 580 350 605 C
369 587 396 604 ¹¹
431 598 572 634 flumen
588 598 788 646 Lysander
802 596 939 633 classis
955 595 1121 632 hostium
1137 602 1195 631 est
1210 595 1363 644 potitus,
1375 595 1473 633 nihi'.

275 649 377 688 atiud
392 651 544 687 molitus
565 658 636 695 est,
652 662 763 698 quam
777 656 816 685 ut
831 661 964 685 omnes
982 648 1156 684 civitates
1178 648 1218 684 in
1237 660 1306 684 sua
1324 654 1473 684 teneret

274 709 475 751 potestate,
503 715 616 750 quum
648 702 687 738 id
719 715 762 738 se
793 700 1168 738 Lacedaemoniorum
1198 712 1316 736 causa
1343 699 1471 736 facere

224 759 247 791 5
277 755 483 791 simularet.
539 755 713 802 Namque
746 754 924 801 undique,
944 753 1007 801 qui
1035 752 1331 789 Atheniensium
1357 753 1470 788 rebus

276 807 522 852 studuissent,
544 807 693 856 ejectiS,
714 806 850 843 decem
869 806 1066 854 delegerat
1084 805 1123 842 in
1141 817 1363 852 unaquaque
1381 804 1473 840 civi-

275 866 363 903 tate,
383 859 517 906 quibus
538 871 723 895 summum
750 857 950 906 imperium
976 864 1277 906 potestatemque
1308 857 1474 893 omnium

276 923 401 947 rerum
421 911 682 947 committeret.
730 911 877 947 Horum
895 910 935 946 in
953 922 1150 946 numerum
1168 921 1281 945 nemo
1302 909 1473 945 admitte-

275 963 394 1008 batur,
413 963 489 999 nisi
504 964 567 1012 qui
583 970 645 999 aut
665 964 747 1012 ejus
767 962 933 1010 hospitio
951 962 1218 1007 contineretur,
1235 968 1297 998 aut
1313 974 1355 997 se
1370 961 1473 998 illius

277 1014 356 1051 fore
376 1016 568 1064 proprium
586 1016 659 1052 fide
682 1016 930 1051 confirmarat.

229 1071 244 1105 1
330 1067 384 1104 II.
414 1068 472 1104 Ita
491 1067 737 1104 decemvirali
756 1074 942 1116 potestate
963 1066 1002 1102 in
1023 1066 1194 1102 omnibus
1214 1066 1368 1102 urbibus
1386 1078 1474 1103 con-

279 1119 418 1164 stituta,
438 1120 559 1168 ipsius
579 1127 671 1156 nutu
690 1120 816 1155 omnia
836 1119 1073 1168 gerebantur.
1131 1119 1250 1167 Cujus
1271 1119 1318 1155 de
1340 1119 1474 1155 crude-

278 1172 382 1208 litate
413 1185 457 1207 ac
486 1172 646 1220 perfidia
674 1172 766 1208 satis
797 1178 856 1208 est
884 1184 997 1207 unam
1024 1184 1116 1216 rem,
1147 1171 1313 1219 exempli
1342 1171 1474 1219 gratia,

278 1223 460 1272 proferre,
479 1237 527 1260 ne
557 1224 604 1260 de
634 1224 770 1260 eodem
797 1224 905 1272 plura
933 1223 1190 1260 enumerando
1221 1223 1473 1272 defatigemus

227 1279 250 1312 2
279 1277 458 1312 lectores.
505 1276 638 1312 Victor
652 1288 700 1312 ex
715 1277 810 1312 Asia
825 1288 936 1323 quum
948 1282 1211 1321 reverteretur,
1228 1275 1474 1323 Thasumque

279 1328 519 1372 devertisset,
539 1329 638 1376 quod
666 1341 712 1364 ea
741 1328 876 1364 civitas
906 1327 1097 1376 praecipua
1127 1328 1201 1364 fide
1233 1327 1355 1364 fuerat
1386 1340 1476 1376 erga

281 1379 553 1425 Athenienses,
566 1381 723 1428 proinde
745 1393 789 1416 ac
807 1380 839 1416 si
852 1380 969 1416 iidem
983 1380 1190 1416 firmissimi
1203 1381 1370 1416 solerent
1386 1393 1474 1416 esse

281 1431 406 1476 amici,
426 1432 489 1479 qui
521 1440 739 1468 constantes
768 1432 932 1469 fuissent
958 1431 1117 1476 inimici,
1147 1445 1231 1468 eam
1254 1440 1475 1480 pervertere

229 1488 250 1519 ὀ
282 1484 512 1532 concupivit.
560 1485 666 1520 Vidit
695 1492 831 1529 autem,
852 1484 928 1520 nisi
957 1484 997 1520 in
1017 1496 1063 1520 eo
1092 1485 1326 1521 occultasset
1343 1485 1475 1521 volun-

280 1542 406 1580 tatem,
426 1536 598 1581 futurum,
626 1544 667 1573 ut
695 1536 832 1573 Thasii
860 1537 1127 1580 dilaberentur,
1158 1537 1475 1585 consulerentque

280 1589 392 1624 rebus
414 1588 507 1624 suis.
564 1589 695 1637 Itaque
716 1589 734 1632 †
754 1589 773 1632 †
793 1589 811 1633 Τ

233 1643 246 1676 1
333 1641 406 1676 ΙΙΙ.
465 1641 483 1684 †
522 1641 540 1684 †
577 1641 595 1684 †
634 1641 929 1677 decemviralem
969 1653 1076 1675 suam
1110 1646 1338 1688 potestatem
1380 1640 1474 1690 [sui]

282 1693 327 1727 ab
359 1692 425 1727 illo
456 1693 695 1728 constitutam
725 1693 967 1729 sustulerunt.
1025 1692 1111 1733 Quo
1140 1692 1268 1727 dolore
1293 1692 1475 1729 incensus

282 1743 366 1779 iniit
404 1744 576 1788 consilia,
615 1757 727 1792 reges
767 1741 1141 1780 Lacedaem‘oniorum
1173 1744 1321 1780 tollere.
1396 1744 1476 1781 Sed

282 1795 482 1840 sentiebat,
520 1796 558 1831 id
588 1809 630 1831 se
662 1796 746 1832 sine
782 1808 854 1844 ope
892 1795 1047 1831 deorum
1077 1795 1204 1831 facere
1235 1808 1311 1832 non
1347 1808 1475 1844 posse,

281 1847 379 1894 quod
414 1847 697 1883 Lacedaemonii
731 1848 856 1884 omnia
885 1847 931 1883 ad
959 1848 1113 1883 oracula
1140 1847 1283 1884 referre
1315 1860 1476 1885 consue-

229 1902 252 1934 2
282 1906 426 1935 verant.
500 1900 669 1936 Primum
708 1899 881 1948 Delphos
927 1911 1167 1948 corrumpere
1207 1907 1266 1935 est
1304 1909 1475 1937 conatus.

284 1951 410 1992 Quum
440 1951 478 1987 id
506 1964 583 1987 non
611 1951 810 2000 potuisset,
832 1951 1032 1988 Dodonam
1062 1952 1212 1988 adortus
1243 1959 1313 1988 est.
1371 1953 1473 1989 Hinc

282 2015 429 2050 quoque
463 2004 638 2052 repulsus
677 2003 781 2048 dixit,
813 2016 855 2039 se
882 2011 969 2039 vota
1000 2004 1234 2051 suscepisse,
1272 2017 1354 2051 quae
1391 2005 1477 2042 Jovi

284 2054 488 2091 Hammoni
518 2056 706 2091 solveret:
739 2056 974 2099 existimans,
1001 2068 1043 2091 se
1073 2056 1186 2092 Afros
1215 2056 1365 2093 facilius
1396 2070 1477 2094 cor-

231 2110 252 2142 3
283 2114 483 2154 rupturum.
542 2108 627 2144 Hac
648 2120 715 2156 spe
744 2121 856 2155 quum
884 2107 1073 2156 profectus
1104 2115 1208 2144 esset
1235 2109 1274 2145 in
1296 2108 1476 2155 Africam,

281 2159 437 2195 multum
474 2172 559 2195 eum
592 2160 778 2195 antistites
812 2160 917 2196 Jovis
955 2159 1181 2196 fefellerunt.
1264 2161 1364 2198 Nam
1400 2174 1477 2199 non

283 2211 406 2246 solum
439 2212 625 2259 corrumpi
654 2224 730 2247 non
760 2219 969 2260 potuerunt,
991 2212 1059 2248 sed
1081 2212 1194 2248 etiam
1225 2213 1372 2262 legatos
1403 2214 1477 2251 La-

283 2262 502 2299 cedaemona
530 2264 725 2308 miserunt,
754 2264 816 2311 qui
846 2264 1087 2312 Lysandrum
1113 2274 1349 2311 accusarent,
1378 2266 1476 2314 quod

231 2318 251 2350 4
283 2315 502 2352 sacerdotes
525 2315 600 2351 sani
631 2328 870 2363 corrumpere
901 2325 1056 2352 conatus
1079 2325 1194 2353 esset.
1260 2319 1476 2354 Accusatus

311 2383 360 2407 395
438 2367 511 2403 hoc
535 2368 703 2412 crimine,
718 2368 961 2417 judicumque
976 2369 1169 2405 absolutus
1183 2370 1476 2414 sententiis‚Or-

277 2422 303 2440 ⁸·
322 2415 353 2439 Ο·
371 2422 397 2440 ¹¹·
440 2420 651 2456 chomeniis
664 2420 804 2456 missus
815 2421 1160 2466 subsidio,occisus
1174 2429 1233 2457 est
1246 2421 1475 2458 aThebanis

228 2472 254 2508 5
281 2471 381 2520 apud
416 2471 642 2509 Haliartum.
699 2472 825 2514 Quam
854 2485 943 2509 vere
975 2474 1021 2509 de
1055 2485 1100 2509 eo
1131 2474 1227 2509 foret
1253 2473 1475 2521 judicatum,
