1651 2790
275 253 329 287 36
584 245 703 286 VIII.
739 250 772 286 1.
833 243 1173 300 (Thrasybulus.)

223 346 238 380 l
323 344 396 381 XI.
432 344 547 381 Hunc
560 343 780 380 infamatum
793 356 815 378 a
826 342 1017 391 plerisque
1030 349 1108 378 tres
1123 342 1340 391 gravissimi
1351 341 1463 379 histo-

269 396 341 433 rici
350 397 506 433 summis
515 396 688 433 laudibus
699 396 928 432 extulerunt:
952 394 1216 443 Thucydides,
1225 395 1288 443 qui
1297 395 1465 444 ejusdem

271 449 390 485 aetatis
421 448 513 493 fuit3
557 447 844 496 Theopompus,
864 447 927 495 qui
959 454 1045 495 post
1077 448 1268 494 aliquanto
1287 456 1410 493 natus,
1432 455 1466 484 ct

270 500 462 537 Timaeus:
493 499 556 547 qui
585 500 737 548 quidem
765 500 838 536 duo
856 499 1223 544 maledicentissimi,
1242 500 1377 536 nescio
1396 512 1467 547 quo

216 556 241 590 2
269 553 393 598 modo,
413 552 452 590 in
486 553 552 589 illo
571 565 646 589 uno
677 552 866 589 laudando
896 552 1149 588 conscierunt.
1206 552 1379 600 Namque
1410 565 1468 597 ea,

269 617 350 653 quoe
369 618 483 653 supra
503 605 680 650 diximus,
707 605 753 641 de
777 616 822 640 6ο
855 604 1116 652 praedicarunt,
1147 611 1256 651 atque
1289 604 1363 640 hoc
1393 617 1469 641 am-

269 657 389 706 plius:
412 670 525 705 quum
538 657 714 702 Athenis,
727 656 1041 705 splendidissima
1051 656 1336 700 civitate,natus
1351 664 1468 701 esset,

217 712 240 746 3
269 721 402 746 omnes
425 709 626 758 splendore
643 722 688 745 ac
708 709 888 758 dignitate
910 721 1113 757 superasse
1133 708 1242 752 vi1ae3
1271 716 1470 756 postquam

269 762 357 798 inde
378 762 560 810 expulsus
581 761 738 798 Thebas
758 761 916 806 venerit,
933 761 1028 797 adeo
1048 760 1183 796 studiis
1198 773 1328 796 eorum
1346 761 1454 797 inser

269 814 385 872 visse,
419 821 460 850 ut
489 826 603 850 nemo
632 827 719 850 eum
750 814 878 850 labore
901 813 1145 870 corporisque
1170 812 1308 849 viribus
1338 820 1470 871 posset

269 867 498 924 aequiparare
519 867 685 924 (omnes
687 865 788 902 enim
808 866 947 902 Boeotii
966 866 1088 914 magis
1101 864 1265 901 firmitati
1286 865 1468 913 corporis,

217 921 240 954 4
268 931 378 965 quarn
398 919 543 967 ingenii
564 918 729 955 acumini
750 917 974 965 inserviunt)
992 932 1000 961 ;
1031 917 1206 953 eumdem
1227 917 1326 965 apud
1347 917 1468 953 Lace-

269 971 488 1015 daemonios,
521 983 678 1018 quorum
709 971 874 1006 moribus
897 983 1042 1006 summa
1060 970 1178 1005 virtus
1213 969 1253 1005 in
1285 970 1469 1027 patientia

267 1023 488 1071 ponebatur,
509 1023 566 1059 sic
596 1022 740 1059 duritiae
762 1035 804 1058 se
825 1022 994 1067 dedisse,
1020 1029 1060 1058 ut
1091 1022 1325 1070 parsimonia
1344 1022 1467 1058 victus

269 1082 378 1122 atque
401 1075 523 1111 cultus
544 1087 676 1111 omnes
698 1074 1010 1111 Lacedaemonios
1026 1074 1200 1110 vinceret
1213 1102 1221 1118 ‚
1250 1074 1407 1110 venisse
1421 1074 1467 1110 ad

269 1126 424 1171 Persas,
439 1127 537 1175 apud
549 1139 642 1175 quos
660 1139 806 1163 summa
819 1127 903 1163 laus
917 1134 1022 1162 esset
1041 1126 1185 1162 fortiter
1200 1126 1347 1170 venari,
1362 1126 1468 1162 luxu-

216 1182 239 1214 5
267 1179 369 1214 riose
390 1180 544 1215 vivere:
575 1179 709 1215 horum
727 1180 784 1215 sic
805 1180 989 1215 imitatum
1008 1178 1334 1223 consuetudinem,
1354 1185 1394 1214 ut
1408 1178 1466 1215 illi

268 1230 344 1279 ipsi
357 1243 445 1267 eum
459 1231 498 1267 in
513 1231 574 1267 his
589 1231 754 1267 maxime
771 1231 1055 1268 admirarentur.
1087 1231 1234 1273 Quibus
1250 1231 1362 1266 rebus
1377 1231 1468 1266 effe-

269 1282 539 1332 cisse,ut,apud
547 1295 803 1330 quoscmnque
815 1290 932 1328 esset,
942 1283 1120 1332 princeps
1130 1290 1345 1334 poneretur,
1353 1282 1468 1319 habe-

216 1336 239 1370 6
267 1342 442 1383 returque
457 1335 690 1371 carissimus.
722 1336 802 1372 Sed
815 1336 907 1372 satis
917 1336 963 1372 de
977 1335 1071 1380 hoc;
1091 1335 1257 1383 reliquos
1267 1335 1468 1371 ordiamur.

399 1596 556 1643 VIII.
627 1594 1334 1643 THRASYBULUS.

659 1823 1071 1861 ARGUMENTUM.

273 1918 400 1956 CAP.
414 1918 448 1955 I.
469 1918 861 1968 Patriamatyrannis
873 1918 1013 1954 liberat.
1044 1917 1102 1954 II.
1119 1918 1266 1967 Phylen
1279 1918 1467 1968 confugit;

319 1971 557 2021 Munychiam
575 1978 748 2020 occupat;
770 1971 894 2020 parcit
919 1971 1070 2006 civibus.
1126 1970 1208 2007 Ill.
1238 1970 1340 2007 Pace
1357 1971 1467 2021 facta

321 2024 435 2072 legem
450 2022 533 2073 firt
561 2023 763 2060 oblivionis.
819 2022 893 2058 IV.
933 2022 1078 2059 Corone}
1106 2023 1274 2072 oleagimi
1303 2031 1466 2060 ornatur.

320 2076 385 2112 Ad
409 2075 578 2112 Ciliciam
597 2089 620 2111 a
639 2075 807 2111 barbaris
825 2075 1054 2125 interficitur.

221 2173 237 2209 1
322 2170 354 2207 Ι.
410 2170 688 2219 Thrasybulus,
723 2170 823 2219 Lyci
854 2170 968 2215 filius,
999 2170 1262 2207 Atheniensis.
1321 2171 1365 2207 Si
1398 2183 1466 2220 per

270 2235 312 2259 36
333 2222 451 2259 virtus
472 2223 555 2259 sine
589 2223 737 2259 fortuna
768 2222 1013 2271 ponderanda
1046 2223 1106 2267 sit,
1128 2223 1268 2268 dubito,
1289 2236 1336 2259 an
1364 2223 1466 2260 hunc

270 2275 429 2322 primurn
461 2275 627 2311 omnium
658 2287 809 2324 ponam.
864 2275 964 2311 Illud
985 2275 1068 2311 sine
1099 2275 1234 2312 dubio:
1274 2276 1466 2313 neminem

271 2325 359 2362 huic
393 2327 550 2374 praefero
584 2327 671 2371 fide,
706 2327 929 2371 constantia,
962 2327 1221 2376 magnitudine
1262 2327 1378 2364 animi
1427 2327 1464 2363 111

223 2380 243 2414 2
272 2378 429 2426 patriam
449 2392 587 2416 amore.
628 2380 729 2415 Nam
741 2379 839 2427 quod
858 2379 963 2415 multi
982 2381 1192 2424 voluerunt,
1212 2380 1325 2428 pauci
1337 2389 1463 2427 potue-

272 2437 367 2474 runt,
387 2430 432 2466 ab
452 2443 524 2466 uno
543 2438 702 2479 tyranno
730 2432 890 2480 patriam
915 2432 1076 2468 liberare
1093 2447 1101 2476 ;
1129 2431 1219 2468 huic
1240 2431 1408 2478 contigit,
1428 2437 1464 2467 ut

273 2493 296 2517 a
313 2481 465 2530 triginta
483 2494 702 2530 oppressam
730 2485 900 2532 tyrannis
921 2496 969 2520 ex
988 2485 1169 2521 servitute
1197 2483 1237 2519 in
1255 2483 1463 2519 libertatem
