1651 2790
259 213 311 249 58
551 207 666 247 Xi‘v'.
727 215 763 255 9,
793 214 850 247 ia).
915 209 1154 259 (Datames.)

253 319 365 354 quam
394 306 707 349 adversariorum,
740 306 897 351 videret,
925 306 972 342 ad
1003 318 1139 354 pacem
1169 305 1446 355 amicitiamque¹

253 358 420 395 hortatus
451 366 520 402 est,
549 365 588 394 ut
617 371 702 394 cum
734 369 824 406 rege
860 358 898 394 in
927 359 1085 407 gratiam
1114 358 1266 395 rediret.
1324 358 1447 401 Quam

254 411 320 448 ille
358 419 431 447 ets.
458 410 571 447 fidam
608 422 683 446 non
723 410 800 446 sore
832 412 996 458 putabat,
1033 417 1159 446 tamen
1193 410 1448 448 conditionem

254 463 405 511 accepit
433 475 549 510 seque
581 462 628 498 ad
652 463 903 498 Artaxerxem
927 463 1075 510 legatos
1104 462 1307 499 missurum
1339 462 1446 499 dixit.

255 515 321 552 Sic
351 515 504 560 bellum,
535 515 634 562 quod
662 526 730 550 rex
760 514 940 551 adversus
974 515 1174 551 Datamern
1211 521 1447 563 susceperat,

253 568 439 604 sedatum.
486 566 789 615 Autophradates
809 566 849 602 in
870 566 1077 615 Phrygiam
1096 579 1139 602 se
1159 567 1317 615 recepit.

306 619 377 656 IX.
407 620 457 655 At
475 631 555 663 rex,
571 619 669 667 quod
689 618 929 667 implacabile
950 618 1078 655 odium
1093 619 1132 654 in
1149 619 1349 655 Datamem
1364 631 1447 655 sus-

253 678 419 728 ceperat,
438 678 639 720 postquam
657 671 759 706 bello
781 683 867 707 eum
886 671 1046 719 opprimi
1058 683 1134 706 non
1150 683 1266 718 posse
1280 671 1446 707 animad-

251 724 373 768 vertit,
402 723 554 760 insidiis
583 723 797 759 interficere
832 723 994 766 studuit3
1024 735 1116 770 quas
1150 723 1215 758 ille
1244 723 1446 771 plerasque

202 781 208 793 ¹
256 776 396 812 vitavit
455 775 575 820 Sicut,
610 777 721 833 q'uum
758 775 966 811 nuntiatum
1000 782 1116 820 esset,
1154 775 1337 823 quosdam
1373 775 1447 812 sibi

252 827 436 872 insidiari,
474 828 537 875 qui
575 827 614 863 in
648 826 853 863 amicorum
886 834 991 863 erant
1022 840 1176 863 numero
1207 827 1270 877 (de
1299 827 1446 875 quibus,

252 880 350 928 quod
368 857 514 916 iniinici
533 880 756 924 detulerant,
776 892 899 927 neque
920 879 1162 924 credendum,
1182 892 1305 927 neque
1325 879 1445 928 negli-

253 932 416 981 gendum
443 932 613 981 putavit),
642 932 805 980 experiri
825 932 953 977 Voluit,
973 944 1103 968 verum
1125 932 1310 968 falsumne
1341 938 1445 968 esset

252 985 421 1020 relatum.
478 985 608 1032 Itaque
638 996 684 1020 eo
712 983 904 1031 profectus
936 991 1006 1029 est,
1035 996 1107 1031 quo
1137 984 1272 1020 itinere
1301 983 1444 1020 futuras

252 1037 412 1073 insidias
433 1036 617 1073 dixerant.
676 1036 755 1072 Sed
775 1037 892 1085 elegit
912 1048 1068 1085 corpore
1089 1044 1127 1072 et
1146 1042 1286 1072 statura
1299 1036 1444 1072 similli-

251 1102 352 1125 mum
372 1089 443 1134 sui,
465 1089 573 1136 eique
593 1088 771 1125 vestitum
799 1101 907 1125 suum
932 1088 1048 1133 dedit,
1069 1095 1178 1136 atque
1200 1101 1245 1124 eo
1271 1089 1357 1125 loco
1377 1088 1444 1133 ire,

251 1154 323 1188 quo
339 1141 422 1190 ipse
437 1146 698 1184 consueverat,
714 1140 840 1189 jussit.
889 1141 978 1189 Ipse
996 1148 1120 1177 autem
1139 1148 1270 1176 ornatu
1290 1141 1444 1176 vestitu-

251 1206 322 1241 que
342 1193 495 1229 militari
529 1194 626 1229 inter
653 1194 822 1240 corporis
854 1193 1031 1229 custodes
1062 1193 1133 1229 iter
1160 1192 1287 1229 facere
1317 1193 1442 1241 coepit.

252 1247 301 1281 At
321 1245 575 1290 insidiatores,
587 1253 786 1294 postquam
805 1246 843 1281 in
864 1259 950 1282 eum
962 1246 1087 1282 locum
1107 1258 1242 1293 agmen
1260 1245 1443 1294 pervenit,

251 1298 403 1346 decepti
431 1297 562 1334 ordine
592 1305 700 1345 atque
731 1298 880 1342 vestitu,
900 1298 939 1334 in
969 1310 1055 1334 eum
1082 1297 1225 1334 faciunt
1251 1297 1444 1345 impetum,

251 1350 313 1398 qui
344 1350 561 1398 suppositus
593 1357 683 1386 erat.
742 1350 973 1386 Praedixerat
1002 1357 1127 1386 autem
1155 1349 1216 1385 his
1248 1350 1443 1393 Datames,

252 1415 337 1438 cum
355 1402 488 1449 quibus
520 1403 591 1438 iter
620 1401 794 1447 faciebat,
814 1409 854 1438 ut
880 1402 1000 1451 parati
1029 1409 1160 1438 essent
1185 1401 1325 1445 facere,
1345 1402 1445 1450 quod

251 1454 375 1502 ipsum
406 1454 605 1490 vidissent.
673 1456 775 1504 Ipse,
813 1463 853 1490 ut
891 1462 1162 1490 concurrentes
1200 1454 1443 1490 insidiatores

251 1506 525 1551 animadvertit,
559 1507 636 1543 tela
673 1508 711 1544 in
745 1519 812 1544 eos
844 1507 1022 1555 conjecit.
1080 1506 1166 1542 Hoc
1198 1506 1300 1542 idem
1332 1519 1444 1554 quum

249 1558 417 1595 universi
437 1558 631 1604 fecissent,
651 1560 866 1608 priusquam
884 1559 1128 1607 pervenirent
1149 1558 1195 1595 ad
1214 1571 1311 1602 eum,
1332 1571 1444 1606 quem

251 1611 405 1659 aggredi
421 1611 608 1656 volebant,
630 1612 770 1648 confixi
791 1612 1023 1647 ceciderunt.

302 1663 352 1699 X.
375 1663 451 1699 Hic
468 1670 594 1699 tamen
608 1671 685 1700 tam
698 1664 858 1700 callidus
870 1664 927 1699 vir
940 1671 1106 1699 extremo
1126 1670 1293 1710 tempore
1311 1669 1442 1711 captus

250 1722 308 1751 est
341 1714 585 1759 Mithridatis,
621 1715 886 1752 Ariobarzanis
916 1715 996 1759 filii,
1031 1715 1130 1750 dolo.
1200 1715 1373 1762 Namque
1406 1715 1439 1751 is

252 1767 443 1815 pollicitus
467 1774 525 1802 est
553 1767 647 1815 regi,
668 1781 711 1803 se
742 1780 827 1803 eum
847 1766 1141 1811 interfecturum,
1162 1767 1195 1802 si
1215 1767 1251 1802 ei
1271 1778 1339 1802 rex
1357 1779 1441 1814 per-

248 1818 423 1863 mitteret,
443 1826 493 1861 ut,
522 1819 779 1866 quodcumque
801 1819 928 1863 vellet,
957 1819 1093 1854 liceret
1119 1819 1270 1866 impune
1299 1818 1440 1864 facere,

249 1870 434 1917 fidemque
469 1870 515 1906 de
547 1883 594 1906 ea
625 1883 678 1916 re,
709 1883 811 1907 more
847 1871 1062 1915 Persarum,
1095 1870 1227 1906 dextra
1257 1870 1439 1907 dedisset.

251 1922 363 1959 Hanc
383 1930 423 1958 ut
442 1923 592 1971 accepit
611 1936 632 1958 a
650 1935 740 1971 rege
760 1923 928 1967 missam,
949 1923 1078 1970 copias
1107 1929 1224 1970 parat,
1246 1930 1282 1958 et
1301 1923 1439 1960 absens

250 1973 455 2010 amicitiam
493 1987 577 2010 cuin
616 1975 776 2011 Datame
805 1974 908 2018 facit,
935 1974 1038 2022 regis
1067 1975 1282 2022 provincias
1314 1982 1439 2020 vexat,

249 2027 409 2062 castella
429 2033 629 2075 expugnat,
648 2040 805 2075 magnas
826 2026 970 2074 praedas
992 2027 1103 2075 capit,
1123 2039 1278 2074 quarum
1296 2034 1440 2075 partem

249 2078 328 2114 suis
366 2078 549 2127 dispertit,
579 2086 723 2126 partem
743 2079 791 2115 ad
824 2079 1022 2115 Datamen]
1051 2079 1184 2123 mittit;
1213 2079 1295 2127 pari
1328 2079 1440 2116 modo

203 2162 206 2165 .
251 2131 443 2179 complura
463 2131 622 2167 castella
642 2131 678 2167 ei
696 2131 820 2167 tradit.
863 2130 959 2167 Haec
980 2131 1043 2166 diu
1059 2130 1233 2167 faciendo
1249 2131 1441 2179 persuasit

248 2182 403 2227 homini,
420 2195 462 2218 se
482 2183 667 2219 infinitum
693 2183 875 2219 adversus
895 2195 1025 2231 regem
1046 2183 1266 2231 suscepisse
1286 2183 1439 2228 bellum,

247 2247 359 2282 quum
377 2234 497 2271 nihilo
515 2235 650 2283 magis,
669 2248 718 2271 ne
747 2247 858 2282 quam
886 2234 1145 2283 suspicionem
1172 2235 1229 2271 illi
1256 2236 1440 2283 praeberet

246 2286 479 2332 insidiarum,
494 2299 617 2334 neque
635 2287 861 2335 colloquium
882 2287 963 2335 ejus
984 2287 1128 2335 petivit,
1147 2300 1271 2335 neque
1291 2287 1328 2323 in
1351 2299 1440 2324 con-

249 2345 421 2386 spectum
439 2339 569 2375 venire
591 2339 742 2375 studuit.
800 2339 866 2375 Sic
888 2340 1027 2375 absens
1048 2339 1252 2375 amicitiam
1271 2340 1438 2387 gerebat,

247 2398 286 2425 ut
303 2402 379 2427 non
397 2390 597 2427 beneficiis
625 2391 775 2435 mutuis,
797 2391 866 2427 sed
893 2391 980 2426 odio
1010 2391 1210 2436 communi,
1230 2390 1329 2438 quod
1348 2402 1438 2440 erga

247 2453 378 2490 regem
396 2449 656 2491 susceperant,
678 2443 864 2479 contineri
882 2442 1109 2479 viderentur.
