1651 2790
164 453 188 486 5

164 559 187 592 6

221 247 276 286 90
505 239 667 284 XXIII.
729 249 765 292 3,
787 249 824 285 4.
885 243 1159 297 (Hannibal.)

216 346 430 398 sacrzficare
463 348 682 392 instituerat,
718 359 878 395 eamque,
909 348 1037 384 ceteris
1066 348 1224 391 remotis,
1254 352 1426 384 tenentem

208 399 345 448 jurare
355 400 484 449 jusszt,
505 412 701 448 numquam
720 412 774 436 me
795 403 834 436 in
849 401 1011 436 amicitia
1031 412 1111 435 oum
1131 399 1313 435 Romanis
1319 397 1426 449 fore.

218 450 266 487 Id
285 464 350 500 ego
359 452 626 501 jusjurandum
639 454 744 501 patri
762 453 887 489 datum
906 465 1020 501 usque
1040 452 1090 487 ad
1108 451 1200 488 hanc
1219 457 1357 488 atatem
1376 453 1427 487 ’ἰια

217 508 442 550 conservavi,
476 512 517 542 ut
549 507 687 542 nemini
718 505 867 542 dubium
896 518 976 542 esse
1005 504 1143 549 debeat,
1174 506 1262 552 quin
1287 505 1427 553 reliquo

217 563 370 605 tempore
391 559 516 595 eadem
536 564 650 594 mente
670 556 923 607 sinzfuturus.
985 555 1124 603 Quare,
1146 558 1181 593 .ςὶ
1199 558 1288 605 quid
1313 559 1426 593 aulice

215 611 260 646 de
280 609 462 647 Romanis
483 610 670 660 cogitabis,
701 623 772 647 uon
792 612 1040 658 imprudenter
1060 608 1221 658 feceris,
1242 611 1277 645 si
1299 621 1352 645 me
1373 622 1426 646 ce-

215 663 309 699 laris
324 677 342 707 ;
371 676 481 711 quum
500 664 643 712 quidem
664 663 796 700 bellum
823 663 990 711 parabis,
1012 668 1044 698 te
1073 664 1192 709 ipsum
1211 660 1426 711 frustrabe-

215 728 281 759 rzS‚
303 717 338 752 si
356 729 410 753 me
429 729 501 752 uon
521 718 558 753 in
578 728 618 753 eo
633 717 838 763 principem
852 716 1038 763 posueris.

269 767 336 805 III.
369 768 457 806 Hac
492 770 621 819 igitur,
654 781 731 817 qua
765 769 943 813 diximus,
979 773 1090 804 aetate
1125 779 1215 803 cum
1249 772 1357 816 patre
1388 766 1428 802 in

215 819 445 870 Hispaniam
465 821 658 871 profectus
674 828 752 858 est:
783 821 896 869 cujus
916 827 998 870 post
1013 820 1169 864 obitum,
1181 818 1427 856 Hasdrubale

216 873 444 922 imperatore
465 875 637 919 suffecto,
659 875 846 923 equitatui
876 874 978 910 omni
1008 871 1173 921 praefuit.
1231 871 1316 908 Hoc
1336 884 1426 919 quo-

217 938 291 973 que
319 926 531 971 interfecto,
553 928 747 963 exercitus
768 939 960 963 summam
991 925 1141 974 imperii
1163 924 1210 960 ad
1242 936 1332 960 eum
1365 923 1426 960 de-

215 979 313 1015 tulit.
371 979 413 1016 Id
442 979 716 1029 Carthaginem
750 979 919 1016 delatum
952 978 1106 1027 publice
1140 976 1426 1025 comprobatum

215 1038 283 1067 est.
333 1031 397 1068 Sic
418 1031 615 1069 Hannibal
636 1033 760 1069 minor
779 1032 948 1081 quinque
969 1037 1006 1068 et
1027 1030 1162 1079 viginti
1183 1029 1293 1066 annis
1313 1035 1426 1065 natus

214 1084 420 1133 imperator
449 1084 575 1122 factus
605 1086 776 1134 proximo
795 1085 958 1121 triennio
978 1095 1109 1120 omnes
1135 1088 1268 1132 gentes
1287 1080 1425 1130 Hispa-

214 1136 289 1173 niae
316 1137 416 1174 bello
436 1138 611 1188 subegit3
644 1138 873 1188 Saguntum,
897 1136 1122 1173 foederatam
1157 1134 1365 1178 civitatem,
1386 1135 1425 1170 vi

215 1191 476 1239 expugnavitg
509 1198 586 1227 tres
607 1191 801 1227 exercitus
835 1190 1020 1226 maximos
1055 1187 1305 1238 comparavit.
1363 1186 1426 1223 Ex

216 1241 274 1278 his
295 1255 417 1278 unum
452 1243 491 1278 in
512 1243 693 1280 Africam
724 1243 837 1287 misit,
861 1243 1025 1279 alterum
1060 1253 1150 1278 cum
1180 1239 1426 1276 Hasdrubale

216 1293 332 1331 fratre
362 1296 401 1331 in
436 1294 627 1344 Hispania
656 1295 822 1345 reliquit,
845 1295 1002 1331 tertium
1035 1294 1073 1330 in
1108 1293 1260 1330 Italiam
1293 1304 1426 1328 secum

214 1346 336 1384 duxit.
395 1347 547 1383 Saltum
579 1348 812 1396 Pyrenaeum
843 1348 1007 1384 transiit.
1065 1345 1328 1394 Quacumque
1355 1344 1427 1381 iter

215 1398 316 1445 fecit,
334 1413 424 1437 cum
444 1401 620 1436 omnibus
641 1401 777 1437 incolis
798 1400 993 1446 conflixit3
1026 1399 1233 1442 neminem,
1254 1397 1328 1433 n'isi
1349 1397 1425 1433 vic-

215 1458 307 1496 tum,
331 1452 486 1489 dimisit.
538 1453 602 1489 Ad
624 1452 747 1502 Alpes
767 1458 1014 1501 posteaquam
1035 1451 1151 1495 venit,
1173 1462 1260 1498 quae
1276 1449 1426 1486 Italiam

214 1505 263 1540 ab
284 1505 415 1542 Gallia
434 1505 654 1554 sejungunt,
676 1518 773 1553 quas
794 1517 905 1541 nemo
927 1516 1111 1552 umquam
1140 1515 1231 1540 cum
1252 1503 1426 1538 exercitu

215 1564 302 1594 ante
338 1571 440 1603 eum,
476 1566 615 1606 praeter
650 1557 864 1594 Herculem
899 1557 1075 1600 Graium,
1097 1556 1299 1592 transierat
1333 1553 1427 1604 (quo

215 1609 314 1647 facto
342 1611 375 1647 is
404 1611 514 1647 hodie
545 1611 666 1647 saltus
697 1610 841 1647 Graius
871 1608 1127 1659 appellatu1·):
1158 1607 1329 1656 Alpicos,
1365 1619 1425 1643 co-

213 1670 347 1700 nantes
367 1664 565 1713 prohibere
587 1663 761 1707 transitu,
780 1662 957 1706 concidit,
974 1661 1061 1698 loca
1081 1659 1271 1708 patefecit,
1288 1660 1427 1695 itinera

214 1717 363 1759 muniit,
386 1715 512 1752 effecit
533 1715 657 1764 [que],
673 1722 714 1752 ut
734 1727 780 1751 ea
801 1714 1026 1763 elephantus
1041 1719 1198 1749 ornatus
1218 1712 1274 1748 ire
1288 1717 1423 1760 posset,

213 1780 290 1816 qua
311 1774 423 1804 antea
443 1781 544 1804 unus
573 1769 684 1804 homo
704 1767 861 1803 inermis
882 1767 946 1802 vix
967 1771 1110 1814 poterat
1131 1775 1278 1813 repere.
1336 1762 1425 1800 Hac

215 1820 344 1869 copias
363 1819 542 1865 traduxit,
564 1821 603 1856 in
623 1819 849 1867 Italiamque
870 1818 1054 1867 pervenit.

268 1871 338 1908 IV.
379 1871 612 1909 Conflixerat
647 1871 747 1920 apud
782 1871 1013 1907 Rhodanum
1045 1882 1136 1906 cum
1168 1869 1211 1905 P.
1247 1867 1426 1905 Cornelio

215 1924 392 1973 Scipione
412 1924 499 1960 Cos.
521 1937 689 1972 eumque
709 1923 920 1973 pepulerat.
977 1922 1076 1959 Cum
1095 1922 1166 1958 hoc
1187 1920 1319 1957 eodem
1341 1920 1424 1970 [de]

215 1976 398 2013 Clastidio
428 1976 529 2026 apud
550 1976 697 2013 Padum
718 1975 912 2012 decernit:
943 1975 1121 2011 saucium
1142 1973 1228 2010 inde
1250 1986 1296 2009 ao
1318 1972 1424 2022 fuga-

215 2036 296 2065 tum
317 2029 481 2066 dimittit.
540 2028 673 2066 Tertio
693 2028 795 2065 idem
823 2028 952 2077 Scipio
973 2040 1063 2064 cum
1085 2026 1246 2075 collega,
1268 2025 1425 2062 Tiberio

216 2081 361 2131 Longo,
384 2082 484 2131 apud
519 2081 703 2118 Trebiam
724 2081 909 2118 adversus
942 2092 1032 2117 eum
1053 2080 1171 2116 venit.
1230 2078 1331 2115 Cum
1366 2078 1426 2114 his

216 2147 374 2171 manum
395 2135 613 2171 conseruit:
644 2141 824 2181 utrosque
858 2132 1088 2183 profligavit.
1145 2131 1237 2168 Inde
1264 2142 1332 2179 per
1360 2129 1424 2166 Li-

215 2200 333 2238 gures
353 2188 604 2236 Apenninum
631 2187 793 2232 transiit,
817 2193 948 2235 petens
982 2185 1194 2221 Etruriam.
1251 2183 1337 2220 Hoc
1366 2183 1424 2219 iti-

215 2253 307 2276 nere
343 2240 437 2277 adeo
465 2240 578 2289 gravi
611 2239 740 2276 morbo
774 2239 941 2275 afficitur
972 2237 1187 2281 oculorum,
1222 2242 1264 2272 ut
1296 2242 1425 2284 postea

216 2305 426 2341 numquam
447 2292 603 2329 dextero
622 2304 731 2341 aeque
752 2291 847 2328 bene
869 2303 961 2327 usus
982 2291 1041 2327 sit.
1095 2290 1186 2331 Qua
1207 2287 1424 2325 valetudine

215 2358 336 2393 quum
369 2346 485 2381 etiam
519 2357 622 2381 nunc
658 2351 908 2394 premeretur,
929 2343 1144 2392 lecticaque
1180 2341 1355 2383 ferretur,
1377 2339 1422 2375 C.

216 2397 453 2434 Flaminium
482 2397 568 2434 Cos.
591 2397 693 2446 apud
726 2396 999 2433 Trasimenum
1019 2408 1110 2432 cum
1130 2393 1301 2431 exercitu
1334 2392 1424 2427 insi-

215 2449 288 2486 diis
307 2450 617 2486 circumventum
637 2449 797 2487 occidit:
827 2462 952 2498 neque
973 2448 1092 2484 multo
1111 2452 1193 2496 post
1220 2444 1265 2490 C,
1287 2443 1422 2481 Cente-

217 2502 324 2538 nium
356 2509 569 2551 praetorem‚
591 2515 681 2539 cum
710 2502 860 2539 delecta
879 2513 996 2538 manu
1015 2499 1135 2536 saltus
1154 2501 1419 2546 occupantem.
