1651 2790
522 222 573 263 V.
627 228 661 263 1.
726 224 928 275 (Cimon.)
1279 229 1333 264 25

132 322 290 381 gloriam
307 320 407 370 turpi
420 328 540 357 morte
560 288 777 357 maculavit.
827 320 904 356 Hic
925 333 1038 368 quum
1058 333 1172 357 semi-
1255 338 1305 363 459

130 376 266 412 animis
288 375 335 411 de
355 374 497 422 templo
512 373 633 409 elatus
655 380 774 417 esset,
789 373 991 409 confestim
1011 373 1175 410 animam
1226 378 1252 396 Β·
1265 372 1296 396 (3*
1309 378 1336 396 ¹¹·

132 428 284 464 efflavit.
342 427 462 475 Cujus
492 425 628 462 mortui
667 438 803 474 corpus
838 438 952 473 quum
991 425 1127 461 eodem
1162 426 1334 462 nonnulli
1362 429 1382 462 5

129 480 303 517 dicerent
336 478 466 516 inferri
506 486 692 526 oportere,
729 490 803 526 quo
837 477 890 522 hi,
923 478 986 525 qui
1020 477 1068 513 ad
1105 478 1335 526 supplicium

130 540 264 569 essent
295 532 395 569 dati:
426 530 622 580 displicuit
649 531 832 579 pluribus,
861 537 898 566 et
927 530 1059 578 procul
1093 530 1138 565 ab
1169 542 1214 566 eo
1248 530 1334 565 loco

130 585 358 629 infoderunt,
396 595 469 633 quo
504 590 585 619 erat
616 590 797 619 mortuus.
872 582 966 619 Inde
1000 581 1193 630 posterius
1234 581 1332 632 [dei]

132 636 317 686 Delphici
345 648 532 685 responso
562 643 703 677 01111118
723 642 835 682 atque
866 635 1002 671 eodem
1029 635 1116 671 loco
1150 634 1336 679 sepultus,

131 689 195 727 ubi
213 689 332 726 vitam
351 694 542 738 posuerat.

488 971 543 1018 V.
641 970 982 1019 CIMON.

526 1189 939 1228 ARGUMENTUM.

137 1270 263 1308 CAP.
285 1270 319 1307 I.
341 1269 705 1319 Horespaternoram
719 1269 944 1305 vmculoram
960 1269 1004 1305 ab
1016 1282 1126 1305 umore
1146 1268 1333 1306 liberatur.

187 1322 245 1359 H.
274 1323 375 1371 Ejus
386 1324 541 1359 virtutes
556 1329 590 1358 et
609 1335 669 1358 res
685 1329 798 1371 gestae
813 1337 824 1358 .·
844 1321 990 1358 Persas
1005 1321 1124 1358 eodem
1139 1322 1196 1358 die
1210 1321 1336 1358 navali

185 1382 219 1411 et
253 1376 418 1412 terrestri
441 1375 569 1424 proelc‘o
598 1376 724 1411 vincit.
792 1373 875 1410 III.
921 1374 1148 1410 Ostracismo
1178 1374 1333 1422 ejicitur.

188 1428 397 1464 Revocatus
423 1440 550 1475 pacem
579 1440 658 1462 cum
682 1426 970 1463 Lacedaemoniis
999 1427 1180 1463 conciliat.
1241 1426 1335 1462 Citii

187 1480 350 1516 moritur.
407 1477 481 1514 IV.
519 1478 716 1514 Laudatur
732 1480 811 1526 ejus
826 1479 1041 1515 liberalitas.

187 1583 218 1620 I.
250 1582 398 1626 Cimon,
413 1581 597 1618 Miltiadis
611 1582 725 1626 filius,
743 1581 1005 1626 Atheniensis,
1022 1581 1113 1617 duro
1135 1581 1334 1618 admodum
1365 1611 1380 1619 -

133 1635 240 1672 initio
259 1646 352 1670 usus
375 1641 433 1669 est
462 1633 744 1670 adolescentiae.
801 1634 903 1669 Nam
930 1646 1044 1682 quum
1068 1640 1176 1681 pater
1250 1651 1298 1675 439

134 1689 216 1737 ejus
236 1686 343 1723 litem
363 1686 584 1722 aestimatam
603 1686 742 1743 populo
763 1686 846 1722 solv
836 1698 914 1722 010
934 1698 1010 1722 11011
1030 1686 1173 1734 potuis·
1223 1690 1250 1708 ²³
1263 1684 1294 1708 (3·
1306 1691 1334 1708 ¹¹·

133 1747 204 1784 set,
224 1740 270 1776 ob
292 1751 449 1786 eamque
472 1751 628 1774 causam
642 1751 682 1774 111
697 1751 719 1772 1
724 1738 863 1774 inculis
882 1738 1046 1787 publicis
1068 1738 1329 1776 decessisset:

134 1769 271 1829 Cimon
291 1790 428 1827 eadem
456 1791 629 1827 custodia
655 1791 865 1836 tenebatur,
888 1803 1013 1838 neque
1041 1791 1192 1839 legibus
1214 1791 1333 1828 Athe-

133 1844 324 1881 niensium
352 1843 471 1879 emitti
496 1850 654 1891 poterat,
673 1843 749 1879 nisi
778 1843 993 1892 pecuniam,
1013 1856 1086 1891 qua
1113 1850 1222 1891 pater
1239 1844 1332 1880 mul-

133 1903 230 1932 tatus
261 1903 352 1940 erat,
391 1896 585 1932 solvisset.
642 1895 821 1932 Habebat
854 1903 980 1932 autem
1015 1896 1055 1932 in
1091 1896 1331 1933 matrimonio
1360 1900 1383 1933 2

133 1961 302 1985 sororem
320 1960 539 1997 germanam
558 1960 677 1993 suam,
696 1948 849 1985 nomine
873 1948 1093 1996 Elpinicen,
1113 1960 1189 1984 non
1207 1949 1330 1997 magis

133 2013 272 2045 amore,
301 2012 413 2049 quam
436 2013 541 2037 more
571 2001 719 2037 ductus.
775 2000 877 2037 Nam
905 2000 1207 2037 Atheniensibus
1238 2000 1332 2037 licet

133 2053 268 2090 codem
287 2060 391 2102 patre
411 2059 519 2089 natas
539 2065 678 2089 uxores
708 2052 862 2089 ducere.
919 2053 1046 2102 Hujus
1076 2053 1246 2102 conjugii
1267 2056 1382 2090 011-3

133 2104 243 2162 pidus
274 2105 420 2142 Callias
450 2105 613 2153 quidam,
632 2117 709 2141 11011
736 2112 813 2141 tam
839 2117 1063 2153 generOSUS‚
1084 2117 1195 2152 quam
1214 2117 1330 2153 pecu-

133 2156 277 2201 niosus,
300 2157 364 2205 qui
394 2170 551 2206 magnas
579 2158 764 2206 pecunias
799 2169 847 2193 ex
874 2157 1039 2193 metallis
1068 2156 1224 2200 fecerat,
1252 2157 1331 2205 egit

134 2221 219 2245 cum
242 2187 414 2255 C'imone,
432 2217 474 2245 111
504 2222 589 2246 eam
611 2210 695 2246 sibi
728 2222 886 2246 uxorem
915 2209 1044 2246 daret:
1074 2209 1113 2245 id
1146 2209 1180 2244 si
1210 2209 1330 2256 irnpe-

134 2267 283 2305 trasset,
304 2274 346 2297 80
366 2274 433 2310 pro
448 2262 514 2298 illo
533 2262 738 2310 pecuniam
757 2263 978 2298 soluturum.
1026 2261 1065 2297 Is
1082 2273 1195 2308 quum
1213 2261 1330 2296 talem
1358 2263 1377 2298 ⁴

133 2313 389 2349 conditionem
402 2321 676 2361 aspernaretur,
691 2314 869 2362 Elpinice
882 2313 1101 2361 negavit,se
1117 2324 1328 2360 passuram,

134 2365 319 2401 Miltiadis
346 2365 569 2414 progeniem
594 2365 634 2401 in
662 2365 828 2401 vinculis
850 2365 1014 2413 publicis
1041 2364 1210 2409 interire,
1237 2376 1328 2412 quo-

132 2417 235 2453 niam
266 2417 468 2466 prohibere
493 2424 637 2465 posset,
672 2429 790 2464 seque
821 2417 954 2453 Calliae
973 2423 1183 2465 nupturam,
1204 2418 1238 2453 si
1267 2428 1330 2463 ea,

133 2481 217 2518 quae
234 2469 491 2519 polliceretur,
510 2468 761 2517 praestitisset.

761 2523 782 2556 3
