1651 2790
268 237 324 271 44
642 229 696 270 X.
756 235 794 280 5,
818 235 857 270 6.
917 231 1074 283 (Dion.)

263 327 525 376 deducerent),
544 335 584 364 ut
603 340 645 364 se
672 327 720 364 de
749 328 944 376 superiore
972 336 1078 377 parte
1108 329 1243 366 aedium
1263 328 1456 379 dejecerit,

264 388 375 428 atque
395 380 447 416 ita
465 380 662 416 interierit.
720 381 801 416 Sed
819 381 908 416 illuc
930 389 1109 417 revertor.

316 432 365 469 V.
395 432 600 480 Postquam
621 433 842 469 Corinthum
860 433 1035 482 pervenit
1055 434 1156 470 Dion
1173 442 1210 470 et
1226 433 1360 470 eodem
1374 446 1444 482 per

292 502 342 527 357
420 484 515 533 fugit
543 485 786 532 Heraclides,
814 486 859 520 ab
880 486 1015 521 eodem
1044 487 1225 534 expulsus
1255 486 1455 534 Dionysio,

263 541 290 559 a.
308 535 339 560 C·
357 540 385 558 ¹¹·
419 538 483 585 qui
501 537 701 585 praefectus
722 537 843 573 fuerat
863 538 1051 584 equitum;
1086 538 1186 574 omni
1208 538 1352 574 ratione
1378 538 1456 574 bel-

211 603 215 606 ·
262 589 340 625 lum
370 601 589 638 comparare
619 597 826 637 coeperunt.
885 590 965 625 Sed
991 602 1067 625 non
1096 590 1253 626 multum
1283 590 1457 638 proficie-

261 642 362 687 bant,
405 641 505 689 quod
551 641 750 677 multorum
799 653 980 677 annorum
1026 642 1196 689 tyrannis
1237 654 1456 690 magnarum

262 706 374 742 opum
391 695 599 742 putabatur.
657 693 781 735 Quam
801 694 847 729 ob
868 706 1022 729 causam
1040 694 1151 741 pauci
1168 693 1215 729 ad
1235 694 1453 730 societaterr-

261 746 423 794 periculi
442 745 755 794 perducebantur.
814 745 894 781 Sed
915 745 1029 790 Dion,
1049 745 1166 782 fretus
1186 757 1262 781 non
1280 753 1356 781 tam
1376 746 1453 782 sui;⁸

263 799 397 846 copiis,
418 810 528 846 quam
556 797 643 833 odio
670 797 832 846 tyranni,
859 798 1022 833 maximo
1051 798 1174 833 animo
1195 797 1339 833 duabus
1368 810 1440 834 one

262 862 370 886 rarus
404 851 565 886 navibus
598 849 867 897 quinquaginta
895 861 1077 885 annorum
1104 850 1315 898 imperium,
1337 850 1457 886 muni-

261 910 337 938 tum
357 902 573 951 quingentis
600 902 726 949 longis
752 901 925 946 navibus,
945 902 1080 937 decem
1109 902 1286 950 equitum,
1307 909 1458 938 centum

261 955 432 1003 peditum
449 954 616 998 milibus,
635 953 827 1002 profectus
857 961 1124 1002 oppugnatum,
1145 954 1260 1002 (quod
1282 954 1455 990 omnibus

262 1008 437 1055 gentibus
473 1006 692 1042 admirabile
723 1013 781 1041 est
799 1006 937 1052 visum)
959 1006 1054 1042 adeo
1082 1006 1196 1042 facile
1224 1006 1398 1054 perculit,
1417 1014 1457 1042 ut

260 1067 347 1106 post
374 1059 476 1095 diem
500 1058 662 1102 tertium,
682 1070 793 1105 quam
823 1057 998 1094 Siciliam
1026 1059 1211 1106 attigerat,
1243 1059 1456 1106 Syracusas

261 1110 459 1147 introierit.
517 1110 580 1147 Ex
607 1122 679 1157 quo
708 1109 870 1158 intelligi
890 1117 1027 1158 potest,
1047 1111 1191 1146 nullum
1220 1123 1308 1146 esse
1337 1110 1456 1159 impe-

261 1163 358 1199 rium
384 1171 514 1207 tutum,
541 1162 618 1198 nisi
650 1161 918 1198 benevolentia
945 1163 1139 1198 munitum.
1196 1162 1255 1198 Eo
1286 1170 1455 1211 tempore

263 1216 391 1251 aberat
410 1215 634 1263 Dionysius,
657 1221 694 1249 et
713 1214 752 1250 in
772 1213 882 1250 Italia
911 1214 1077 1250 classem
1096 1214 1372 1272 opperiebatur,
1394 1215 1457 1251 ad-

260 1268 516 1303 versariorum
540 1274 642 1302 ratus
667 1266 859 1302 neminem
889 1267 972 1302 sine
1001 1267 1149 1315 magnis
1185 1267 1307 1324 copiis
1337 1267 1385 1302 ad
1413 1279 1456 1303 se

262 1328 470 1355 tenturum.
528 1319 624 1361 Quae
641 1331 703 1354 res
725 1331 811 1354 eum
830 1318 950 1354 fefelli
939 1326 978 1355 t.
1035 1298 1136 1355 Neam
1156 1319 1288 1355 Dion
1279 1319 1327 1355 lis
1347 1319 1457 1376 ipsis,

262 1371 324 1419 qui
364 1373 432 1408 sub
471 1371 678 1407 adversarii
715 1370 862 1406 fuerant
899 1378 1099 1419 potestate,
1133 1371 1260 1419 regios
1301 1371 1456 1419 spiritus

262 1424 457 1475 repressit,
476 1424 665 1480 totiusque
688 1423 770 1471 ejus
798 1424 915 1471 partis
947 1423 1091 1459 Siciliae
1119 1402 1273 1471 potitus
1284 1430 1354 1467 est,
1374 1435 1458 1470 quae

263 1478 331 1512 sub
353 1476 481 1524 Diony
485 1476 532 1512 sii
552 1482 738 1523 potestate
759 1473 903 1519 fuerat3
924 1475 1079 1523 parique
1095 1475 1206 1510 inodo
1222 1475 1325 1511 urbis
1343 1452 1457 1523 'Syra-

263 1541 449 1572 cusarum,
474 1535 609 1576 praeter
637 1539 765 1563 arcem
794 1534 831 1563 et
861 1527 1023 1563 insulam
1049 1527 1263 1576 adjunctam
1293 1527 1456 1576 oppido3

263 1593 383 1628 eoque
404 1592 485 1616 rem
503 1579 690 1628 perduxit,
705 1587 746 1614 ut
763 1580 902 1615 talibus
921 1579 1161 1628 pactionibus
1181 1591 1317 1627 pacem
1332 1587 1458 1627 tyran-

261 1645 332 1669 nus
370 1632 499 1669 facere
532 1632 672 1668 vellet:
717 1631 894 1667 Siciliam
932 1631 1035 1668 Dion
1071 1631 1270 1675 obtineret,
1308 1631 1455 1668 Italian·

264 1684 488 1733 Dionysius,
510 1684 724 1732 Syracusas
745 1683 1022 1731 Apollocrates,
1043 1683 1105 1719 cui
1123 1682 1326 1719 maximam
1343 1683 1458 1720 fidem

262 1737 328 1772 11111
347 1735 510 1772 habebat
532 1735 683 1785 [Dion].

316 1788 386 1824 VI.
416 1788 500 1824 Has
519 1795 595 1823 tam
612 1799 815 1835 prosperas
834 1793 983 1834 tamque
1003 1786 1216 1835 inopinatas
1238 1799 1300 1823 res
1322 1799 1458 1824 conse-

265 1846 351 1876 cuta
371 1846 429 1875 est
448 1840 572 1876 subita
591 1839 842 1884 commutatio,
863 1839 962 1886 quod
981 1838 1127 1875 fortuna
1147 1843 1215 1874 sua
1233 1839 1456 1884 mobilitate,

264 1904 376 1939 quem
394 1892 521 1940 paullo
541 1898 626 1927 ante
649 1891 844 1935 extulerat,
864 1891 1086 1939 demergere
1108 1898 1168 1926 est
1186 1890 1327 1927 adorta.
1375 1892 1457 1928 Pri-

263 1956 366 1980 mum
397 1944 437 1979 in
465 1944 556 1987 filio,
587 1943 634 1979 de
668 1956 740 1991 quo
772 1943 1064 1979 commemoravi
1090 1955 1214 1991 supra,
1245 1955 1352 1979 suam
1380 1943 1456 1980 vim

264 1995 448 2032 exercuit.
490 1995 591 2031 Nam
606 2008 718 2043 quum
736 2007 893 2032 uxorem
907 1995 1135 2039 reduxisset,
1150 2007 1231 2042 quae
1251 1995 1318 2030 alii
1337 1995 1457 2032 fuerat

263 2048 410 2092 tradita,
429 2047 620 2094 filiumque
650 2048 767 2084 vellet
792 2059 974 2083 revocare
1004 2047 1051 2083 ad
1069 2047 1245 2083 virtutem
1271 2059 1292 2083 a
1311 2047 1457 2095 perdita

263 2100 423 2144 luxuria,
443 2100 593 2147 accepit
620 2099 886 2148 gravissimum
912 2112 1050 2148 parens
1070 2099 1206 2135 vulnus
1235 2108 1353 2135 morte
1374 2099 1455 2136 filii.

266 2151 418 2188 Deinde
438 2159 518 2187 orta
537 2151 729 2188 dissensio
750 2159 808 2187 est
827 2151 925 2187 inter
944 2164 1029 2187 eum
1050 2158 1087 2187 et
1106 2151 1366 2196 Heraclidem,
1381 2152 1456 2199 qui,

264 2203 363 2251 quod
394 2203 646 2252 principatum
676 2216 753 2239 non
787 2203 1032 2248 concedebat,
1066 2203 1271 2239 factionem
1307 2215 1454 2252 compa·

263 2256 371 2291 ravit.
427 2255 564 2302 Neque
584 2255 618 2291 is
638 2255 763 2291 minus
783 2256 934 2291 valebat
953 2255 1051 2303 apud
1070 2255 1282 2303 optimates,
1298 2268 1453 2302 quorum

265 2319 457 2344 consensu
481 2314 640 2356 praeerat
669 2308 797 2351 classi,
818 2319 931 2355 quum
959 2307 1062 2343 Dion
1090 2307 1301 2343 exercitum
1319 2307 1455 2355 pedes-

265 2366 360 2395 trem
378 2366 537 2395 teneret.
593 2359 682 2395 Non
701 2359 785 2395 tulit
811 2359 885 2395 hoc
915 2360 1038 2395 animo
1059 2371 1163 2407 aequo
1185 2359 1298 2403 Dion,
1319 2366 1357 2394 et
1374 2363 1442 2394 rer

266 2423 350 2447 sum
368 2411 475 2448 illum
495 2411 656 2448 Homeri
675 2412 802 2448 retulit
821 2423 869 2448 ex
897 2412 1068 2448 secunda
1089 2411 1305 2460 rhapsodia,
1324 2410 1365 2447 in
1383 2423 1432 2459 qu
