<?xml version="1.0" encoding="UTF-8"?>
<!DOCTYPE html PUBLIC "-//W3C//DTD XHTML 1.0 Transitional//EN"
    "http://www.w3.org/TR/xhtml1/DTD/xhtml1-transitional.dtd">
<html xmlns="http://www.w3.org/1999/xhtml" xml:lang="en" lang="en">
 <head>
  <title>
</title>
<meta http-equiv="Content-Type" content="text/html;charset=utf-8" />
  <meta name='ocr-system' content='tesseract 3.04.00' />
  <meta name='ocr-capabilities' content='ocr_page ocr_carea ocr_par ocr_line ocrx_word'/>
</head>
<body>
  <div class='ocr_page' id='page_1' title='image "./corneliusneposs00nepouoft_0086.png"; bbox 0 0 1651 2790; ppageno 0'>
   <div class='ocr_carea' id='block_1_1' title="bbox 256 239 1210 294">
    <p class='ocr_par' dir='ltr' id='par_1_1' title="bbox 256 239 1210 294">
     <span class='ocr_line' id='line_1_1' title="bbox 256 239 1210 294; baseline -0.006 -9"><span class='ocrx_word' id='word_1_1' title='bbox 256 248 311 285; x_wconf 77' lang='lat'>78</span> <span class='ocrx_word' id='word_1_2' title='bbox 515 241 675 283; x_wconf 86' lang='lat' dir='ltr'>XVIII.</span> <span class='ocrx_word' id='word_1_3' title='bbox 740 247 801 289; x_wconf 88' lang='lat'>10,</span> <span class='ocrx_word' id='word_1_4' title='bbox 828 247 889 281; x_wconf 93' lang='grc'>11.</span> <span class='ocrx_word' id='word_1_5' title='bbox 953 239 1210 294; x_wconf 77' lang='lat' dir='ltr'><em>(Eumenes.)</em></span> 
     </span>
    </p>
   </div>
   <div class='ocr_carea' id='block_1_2' title="bbox 202 340 1474 2536">
    <p class='ocr_par' dir='ltr' id='par_1_2' title="bbox 253 340 1459 604">
     <span class='ocr_line' id='line_1_2' title="bbox 253 340 1457 393; baseline -0.003 -12"><span class='ocrx_word' id='word_1_6' title='bbox 253 351 329 382; x_wconf 90' lang='lat' dir='ltr'>tem</span> <span class='ocrx_word' id='word_1_7' title='bbox 350 343 622 381; x_wconf 87' lang='lat' dir='ltr'>refrenandum</span> <span class='ocrx_word' id='word_1_8' title='bbox 642 345 825 393; x_wconf 86' lang='lat' dir='ltr'>impetum</span> <span class='ocrx_word' id='word_1_9' title='bbox 846 343 922 381; x_wconf 86' lang='lat' dir='ltr'>tale</span> <span class='ocrx_word' id='word_1_10' title='bbox 943 343 1046 391; x_wconf 83' lang='lat' dir='ltr'>capit</span> <span class='ocrx_word' id='word_1_11' title='bbox 1061 342 1277 379; x_wconf 84' lang='lat' dir='ltr'>consilium.</span> <span class='ocrx_word' id='word_1_12' title='bbox 1325 340 1457 378; x_wconf 68' lang='lat' dir='ltr'>Certos</span> 
     </span>
     <span class='ocr_line' id='line_1_3' title="bbox 253 393 1458 444; baseline -0.004 -10"><span class='ocrx_word' id='word_1_13' title='bbox 253 398 364 434; x_wconf 88' lang='lat' dir='ltr'>mittit</span> <span class='ocrx_word' id='word_1_14' title='bbox 383 397 555 433; x_wconf 88' lang='lat' dir='ltr'>homines</span> <span class='ocrx_word' id='word_1_15' title='bbox 575 397 621 433; x_wconf 90' lang='lat' dir='ltr'>ad</span> <span class='ocrx_word' id='word_1_16' title='bbox 641 397 790 433; x_wconf 90' lang='lat' dir='ltr'>infimos</span> <span class='ocrx_word' id='word_1_17' title='bbox 812 403 968 439; x_wconf 88' lang='lat' dir='ltr'>montes,</span> <span class='ocrx_word' id='word_1_18' title='bbox 990 396 1056 444; x_wconf 83' lang='lat' dir='ltr'>qui</span> <span class='ocrx_word' id='word_1_19' title='bbox 1085 395 1184 431; x_wconf 89' lang='lat' dir='ltr'>obvii</span> <span class='ocrx_word' id='word_1_20' title='bbox 1204 400 1313 430; x_wconf 89' lang='lat' dir='ltr'>erant</span> <span class='ocrx_word' id='word_1_21' title='bbox 1331 393 1458 430; x_wconf 88' lang='lat' dir='ltr'>itineri</span> 
     </span>
     <span class='ocr_line' id='line_1_4' title="bbox 254 448 1458 498; baseline -0.004 -12"><span class='ocrx_word' id='word_1_22' title='bbox 254 449 574 494; x_wconf 84' lang='lat' dir='ltr'>adversariorum,</span> <span class='ocrx_word' id='word_1_23' title='bbox 604 450 740 498; x_wconf 82' lang='lat' dir='ltr'>hisque</span> <span class='ocrx_word' id='word_1_24' title='bbox 770 448 960 498; x_wconf 80' lang='lat' dir='ltr'>praecepit,</span> <span class='ocrx_word' id='word_1_25' title='bbox 983 455 1024 484; x_wconf 89' lang='lat' dir='ltr'>ut</span> <span class='ocrx_word' id='word_1_26' title='bbox 1058 448 1179 496; x_wconf 85' lang='lat' dir='ltr'>prima</span> <span class='ocrx_word' id='word_1_27' title='bbox 1198 454 1321 491; x_wconf 91' lang='lat' dir='ltr'>nocte,</span> <span class='ocrx_word' id='word_1_28' title='bbox 1343 457 1458 495; x_wconf 84' lang='lat' dir='ltr'>quam</span> 
     </span>
     <span class='ocr_line' id='line_1_5' title="bbox 253 500 1459 551; baseline -0.004 -13"><span class='ocrx_word' id='word_1_29' title='bbox 253 502 437 538; x_wconf 89' lang='lat' dir='ltr'>latissime</span> <span class='ocrx_word' id='word_1_30' title='bbox 471 503 624 550; x_wconf 89' lang='lat' dir='ltr'>possint,</span> <span class='ocrx_word' id='word_1_31' title='bbox 657 502 766 551; x_wconf 87' lang='lat' dir='ltr'>ignes</span> <span class='ocrx_word' id='word_1_32' title='bbox 797 500 941 537; x_wconf 87' lang='lat' dir='ltr'>faciant</span> <span class='ocrx_word' id='word_1_33' title='bbox 973 512 1089 548; x_wconf 87' lang='lat' dir='ltr'>quam</span> <span class='ocrx_word' id='word_1_34' title='bbox 1116 500 1313 543; x_wconf 80' lang='lat' dir='ltr'>maximos,</span> <span class='ocrx_word' id='word_1_35' title='bbox 1345 505 1459 546; x_wconf 88' lang='lat' dir='ltr'>atque</span> 
     </span>
     <span class='ocr_line' id='line_1_6' title="bbox 254 550 1458 604; baseline -0.004 -14"><span class='ocrx_word' id='word_1_36' title='bbox 254 555 322 591; x_wconf 90' lang='lat' dir='ltr'>hos</span> <span class='ocrx_word' id='word_1_37' title='bbox 342 554 512 590; x_wconf 89' lang='lat' dir='ltr'>secunda</span> <span class='ocrx_word' id='word_1_38' title='bbox 528 555 661 604; x_wconf 87' lang='lat' dir='ltr'>vigilia</span> <span class='ocrx_word' id='word_1_39' title='bbox 681 554 866 597; x_wconf 88' lang='lat' dir='ltr'>minuant,</span> <span class='ocrx_word' id='word_1_40' title='bbox 888 553 1000 589; x_wconf 85' lang='lat' dir='ltr'>tertia</span> <span class='ocrx_word' id='word_1_41' title='bbox 1029 552 1257 601; x_wconf 74' lang='lat' dir='ltr'>perexiguos</span> <span class='ocrx_word' id='word_1_42' title='bbox 1277 550 1458 586; x_wconf 80' lang='lat' dir='ltr'>reddant:</span> 
     </span>
    </p>

    <p class='ocr_par' dir='ltr' id='par_1_3' title="bbox 203 602 1460 760">
     <span class='ocr_line' id='line_1_7' title="bbox 203 602 1459 652; baseline -0.004 -10"><span class='ocrx_word' id='word_1_43' title='bbox 203 609 226 643; x_wconf 89' lang='grc'>4</span> <span class='ocrx_word' id='word_1_44' title='bbox 255 613 291 642; x_wconf 90' lang='lat' dir='ltr'>et</span> <span class='ocrx_word' id='word_1_45' title='bbox 319 606 542 642; x_wconf 85' lang='lat' dir='ltr'>assimulata</span> <span class='ocrx_word' id='word_1_46' title='bbox 562 614 772 642; x_wconf 87' lang='lat' dir='ltr'>castrorum</span> <span class='ocrx_word' id='word_1_47' title='bbox 793 604 1066 641; x_wconf 87' lang='lat' dir='ltr'>consuetudine</span> <span class='ocrx_word' id='word_1_48' title='bbox 1093 604 1349 652; x_wconf 81' lang='lat' dir='ltr'>suspicionem</span> <span class='ocrx_word' id='word_1_49' title='bbox 1376 602 1459 650; x_wconf 82' lang='lat' dir='ltr'>inji-</span> 
     </span>
     <span class='ocr_line' id='line_1_8' title="bbox 254 654 1460 703; baseline -0.005 -8"><span class='ocrx_word' id='word_1_50' title='bbox 254 659 357 695; x_wconf 83' lang='lat' dir='ltr'>ciant</span> <span class='ocrx_word' id='word_1_51' title='bbox 377 659 557 703; x_wconf 83' lang='lat' dir='ltr'>hostibus,</span> <span class='ocrx_word' id='word_1_52' title='bbox 575 659 633 695; x_wconf 85' lang='lat' dir='ltr'>his</span> <span class='ocrx_word' id='word_1_53' title='bbox 653 658 746 695; x_wconf 91' lang='lat' dir='ltr'>locis</span> <span class='ocrx_word' id='word_1_54' title='bbox 766 670 848 693; x_wconf 87' lang='lat' dir='ltr'>esse</span> <span class='ocrx_word' id='word_1_55' title='bbox 865 664 1002 700; x_wconf 80' lang='lat' dir='ltr'>castra,</span> <span class='ocrx_word' id='word_1_56' title='bbox 1019 668 1064 692; x_wconf 88' lang='lat' dir='ltr'>ac</span> <span class='ocrx_word' id='word_1_57' title='bbox 1084 656 1129 691; x_wconf 93' lang='lat' dir='ltr'>de</span> <span class='ocrx_word' id='word_1_58' title='bbox 1143 668 1276 694; x_wconf 88' lang='lat' dir='ltr'>eorum</span> <span class='ocrx_word' id='word_1_59' title='bbox 1297 654 1460 690; x_wconf 77' lang='lat' dir='ltr'>adventu</span> 
     </span>
     <span class='ocr_line' id='line_1_9' title="bbox 255 706 1459 760; baseline -0.004 -14"><span class='ocrx_word' id='word_1_60' title='bbox 255 724 338 746; x_wconf 85' lang='lat' dir='ltr'>esse</span> <span class='ocrx_word' id='word_1_61' title='bbox 377 712 673 760; x_wconf 74' lang='lat' dir='ltr'>praenuntiatum</span> <span class='ocrx_word' id='word_1_62' title='bbox 689 723 699 756; x_wconf 81' lang='lat'><em>3</em></span> <span class='ocrx_word' id='word_1_63' title='bbox 749 709 926 758; x_wconf 79' lang='lat' dir='ltr'>idemque</span> <span class='ocrx_word' id='word_1_64' title='bbox 965 715 1116 756; x_wconf 85' lang='lat' dir='ltr'>postera</span> <span class='ocrx_word' id='word_1_65' title='bbox 1152 714 1263 743; x_wconf 83' lang='lat' dir='ltr'>nocte</span> <span class='ocrx_word' id='word_1_66' title='bbox 1302 706 1459 743; x_wconf 85' lang='lat' dir='ltr'>faciant.</span> 
     </span>
    </p>

    <p class='ocr_par' dir='ltr' id='par_1_4' title="bbox 202 761 1463 911">
     <span class='ocr_line' id='line_1_10' title="bbox 202 761 1459 812; baseline -0.004 -13"><span class='ocrx_word' id='word_1_67' title='bbox 202 765 226 799; x_wconf 85' lang='lat'>5</span> <span class='ocrx_word' id='word_1_68' title='bbox 255 763 409 805; x_wconf 80' lang='lat' dir='ltr'>Quibus</span> <span class='ocrx_word' id='word_1_69' title='bbox 441 764 671 812; x_wconf 88' lang='lat' dir='ltr'>imperatum</span> <span class='ocrx_word' id='word_1_70' title='bbox 693 769 785 806; x_wconf 82' lang='lat' dir='ltr'>erat,</span> <span class='ocrx_word' id='word_1_71' title='bbox 807 761 1011 810; x_wconf 77' lang='lat' dir='ltr'>diligenter</span> <span class='ocrx_word' id='word_1_72' title='bbox 1044 768 1278 809; x_wconf 83' lang='lat' dir='ltr'>praeceptum</span> <span class='ocrx_word' id='word_1_73' title='bbox 1308 765 1459 795; x_wconf 87' lang='lat' dir='ltr'>curant.</span> 
     </span>
     <span class='ocr_line' id='line_1_11' title="bbox 256 811 1462 864; baseline -0.005 -12"><span class='ocrx_word' id='word_1_74' title='bbox 256 816 487 864; x_wconf 74' lang='lat' dir='ltr'>Antigonus,</span> <span class='ocrx_word' id='word_1_75' title='bbox 522 816 690 852; x_wconf 80' lang='lat' dir='ltr'>tenebris</span> <span class='ocrx_word' id='word_1_76' title='bbox 723 815 872 858; x_wconf 84' lang='lat' dir='ltr'>obortis,</span> <span class='ocrx_word' id='word_1_77' title='bbox 903 815 1013 862; x_wconf 89' lang='lat' dir='ltr'>ignes</span> <span class='ocrx_word' id='word_1_78' title='bbox 1033 812 1299 861; x_wconf 81' lang='lat' dir='ltr'>conspicatur:</span> <span class='ocrx_word' id='word_1_79' title='bbox 1330 811 1462 855; x_wconf 88' lang='lat' dir='ltr'>credit,</span> 
     </span>
     <span class='ocr_line' id='line_1_12' title="bbox 255 864 1463 911; baseline -0.006 -6"><span class='ocrx_word' id='word_1_80' title='bbox 255 868 301 904; x_wconf 92' lang='lat' dir='ltr'>de</span> <span class='ocrx_word' id='word_1_81' title='bbox 322 880 390 904; x_wconf 89' lang='lat' dir='ltr'>suo</span> <span class='ocrx_word' id='word_1_82' title='bbox 411 867 577 904; x_wconf 81' lang='lat' dir='ltr'>adventu</span> <span class='ocrx_word' id='word_1_83' title='bbox 598 880 680 904; x_wconf 90' lang='lat' dir='ltr'>esse</span> <span class='ocrx_word' id='word_1_84' title='bbox 703 867 887 911; x_wconf 85' lang='lat' dir='ltr'>auditum,</span> <span class='ocrx_word' id='word_1_85' title='bbox 909 873 945 902; x_wconf 91' lang='lat' dir='ltr'>et</span> <span class='ocrx_word' id='word_1_86' title='bbox 982 865 1219 901; x_wconf 77' lang='lat' dir='ltr'>adversarios</span> <span class='ocrx_word' id='word_1_87' title='bbox 1247 864 1344 900; x_wconf 91' lang='lat' dir='ltr'>illuc</span> <span class='ocrx_word' id='word_1_88' title='bbox 1373 875 1463 899; x_wconf 89' lang='lat' dir='ltr'>suas</span> 
     </span>
    </p>

    <p class='ocr_par' dir='ltr' id='par_1_5' title="bbox 202 916 1464 1178">
     <span class='ocr_line' id='line_1_13' title="bbox 202 916 1462 968; baseline -0.005 -12"><span class='ocrx_word' id='word_1_89' title='bbox 202 922 226 956; x_wconf 88' lang='lat'>6</span> <span class='ocrx_word' id='word_1_90' title='bbox 257 920 491 956; x_wconf 80' lang='lat' dir='ltr'>contraxisse</span> <span class='ocrx_word' id='word_1_91' title='bbox 513 920 655 968; x_wconf 90' lang='lat' dir='ltr'>copias.</span> <span class='ocrx_word' id='word_1_92' title='bbox 714 919 838 955; x_wconf 87' lang='lat' dir='ltr'>Mutat</span> <span class='ocrx_word' id='word_1_93' title='bbox 872 918 1087 961; x_wconf 88' lang='lat' dir='ltr'>consilium,</span> <span class='ocrx_word' id='word_1_94' title='bbox 1109 923 1158 961; x_wconf 87' lang='lat' dir='ltr'>et,</span> <span class='ocrx_word' id='word_1_95' title='bbox 1180 917 1360 965; x_wconf 90' lang='lat' dir='ltr'>quoniam</span> <span class='ocrx_word' id='word_1_96' title='bbox 1394 916 1462 951; x_wconf 75' lang='lat' dir='ltr'>im-</span> 
     </span>
     <span class='ocr_line' id='line_1_14' title="bbox 256 968 1462 1022; baseline -0.005 -13"><span class='ocrx_word' id='word_1_97' title='bbox 256 972 462 1022; x_wconf 80' lang='lat' dir='ltr'>prudentes</span> <span class='ocrx_word' id='word_1_98' title='bbox 483 972 623 1009; x_wconf 85' lang='lat' dir='ltr'>adoriri</span> <span class='ocrx_word' id='word_1_99' title='bbox 643 985 718 1008; x_wconf 88' lang='lat' dir='ltr'>non</span> <span class='ocrx_word' id='word_1_100' title='bbox 739 978 872 1021; x_wconf 87' lang='lat' dir='ltr'>posset,</span> <span class='ocrx_word' id='word_1_101' title='bbox 901 971 1018 1006; x_wconf 88' lang='lat' dir='ltr'>flectit</span> <span class='ocrx_word' id='word_1_102' title='bbox 1045 970 1117 1006; x_wconf 89' lang='lat' dir='ltr'>iter</span> <span class='ocrx_word' id='word_1_103' title='bbox 1136 982 1262 1012; x_wconf 90' lang='lat' dir='ltr'>suum,</span> <span class='ocrx_word' id='word_1_104' title='bbox 1284 975 1321 1005; x_wconf 92' lang='lat' dir='ltr'>et</span> <span class='ocrx_word' id='word_1_105' title='bbox 1353 968 1462 1003; x_wconf 92' lang='lat' dir='ltr'>illum</span> 
     </span>
     <span class='ocr_line' id='line_1_15' title="bbox 258 1020 1463 1073; baseline -0.005 -12"><span class='ocrx_word' id='word_1_106' title='bbox 258 1024 476 1061; x_wconf 81' lang='lat' dir='ltr'>anfractum</span> <span class='ocrx_word' id='word_1_107' title='bbox 507 1025 717 1073; x_wconf 81' lang='lat' dir='ltr'>longiorem</span> <span class='ocrx_word' id='word_1_108' title='bbox 751 1024 912 1072; x_wconf 84' lang='lat' dir='ltr'>copiosae</span> <span class='ocrx_word' id='word_1_109' title='bbox 943 1023 1015 1059; x_wconf 83' lang='lat' dir='ltr'>viae</span> <span class='ocrx_word' id='word_1_110' title='bbox 1049 1021 1161 1071; x_wconf 80' lang='lat' dir='ltr'>capit,</span> <span class='ocrx_word' id='word_1_111' title='bbox 1197 1022 1325 1069; x_wconf 88' lang='lat' dir='ltr'>ibique</span> <span class='ocrx_word' id='word_1_112' title='bbox 1363 1020 1463 1056; x_wconf 89' lang='lat' dir='ltr'>diem</span> 
     </span>
     <span class='ocr_line' id='line_1_16' title="bbox 258 1073 1464 1125; baseline -0.004 -12"><span class='ocrx_word' id='word_1_113' title='bbox 258 1089 378 1113; x_wconf 89' lang='lat' dir='ltr'>unum</span> <span class='ocrx_word' id='word_1_114' title='bbox 399 1078 595 1125; x_wconf 88' lang='lat' dir='ltr'>opperitur</span> <span class='ocrx_word' id='word_1_115' title='bbox 624 1076 670 1113; x_wconf 92' lang='lat' dir='ltr'>ad</span> <span class='ocrx_word' id='word_1_116' title='bbox 700 1075 962 1112; x_wconf 82' lang='lat' dir='ltr'>lassitudinem</span> <span class='ocrx_word' id='word_1_117' title='bbox 991 1073 1198 1111; x_wconf 78' lang='lat' dir='ltr'>sedandam</span> <span class='ocrx_word' id='word_1_118' title='bbox 1219 1074 1385 1109; x_wconf 87' lang='lat' dir='ltr'>militum</span> <span class='ocrx_word' id='word_1_119' title='bbox 1419 1085 1464 1108; x_wconf 89' lang='lat' dir='ltr'>ac</span> 
     </span>
     <span class='ocr_line' id='line_1_17' title="bbox 258 1125 1443 1178; baseline -0.004 -13"><span class='ocrx_word' id='word_1_120' title='bbox 258 1130 466 1166; x_wconf 88' lang='lat' dir='ltr'>reficienda</span> <span class='ocrx_word' id='word_1_121' title='bbox 482 1129 670 1178; x_wconf 87' lang='lat' dir='ltr'>jumenta,</span> <span class='ocrx_word' id='word_1_122' title='bbox 693 1141 767 1178; x_wconf 93' lang='lat' dir='ltr'>quo</span> <span class='ocrx_word' id='word_1_123' title='bbox 787 1128 992 1177; x_wconf 83' lang='lat' dir='ltr'>integriore</span> <span class='ocrx_word' id='word_1_124' title='bbox 1013 1127 1184 1163; x_wconf 81' lang='lat' dir='ltr'>exercitu</span> <span class='ocrx_word' id='word_1_125' title='bbox 1205 1125 1443 1162; x_wconf 88' lang='lat' dir='ltr'>decerneret.</span> 
     </span>
    </p>

    <p class='ocr_par' dir='ltr' id='par_1_6' title="bbox 208 1178 1464 1283">
     <span class='ocr_line' id='line_1_18' title="bbox 208 1178 1463 1229; baseline -0.005 -10"><span class='ocrx_word' id='word_1_126' title='bbox 208 1185 227 1218; x_wconf 94' lang='lat'>1</span> <span class='ocrx_word' id='word_1_127' title='bbox 314 1181 361 1218; x_wconf 88' lang='grc' dir='ltr'>Χ.</span> <span class='ocrx_word' id='word_1_128' title='bbox 394 1181 471 1218; x_wconf 92' lang='lat' dir='ltr'>Hic</span> <span class='ocrx_word' id='word_1_129' title='bbox 492 1182 690 1218; x_wconf 87' lang='lat' dir='ltr'>Eumenes</span> <span class='ocrx_word' id='word_1_130' title='bbox 710 1180 895 1217; x_wconf 87' lang='lat' dir='ltr'>callidum</span> <span class='ocrx_word' id='word_1_131' title='bbox 924 1180 1192 1229; x_wconf 80' lang='lat' dir='ltr'>imperatorem</span> <span class='ocrx_word' id='word_1_132' title='bbox 1221 1178 1313 1214; x_wconf 85' lang='lat' dir='ltr'>vicit</span> <span class='ocrx_word' id='word_1_133' title='bbox 1343 1178 1463 1214; x_wconf 89' lang='lat' dir='ltr'>consi-</span> 
     </span>
     <span class='ocr_line' id='line_1_19' title="bbox 258 1231 1464 1283; baseline -0.004 -13"><span class='ocrx_word' id='word_1_134' title='bbox 258 1234 320 1278; x_wconf 92' lang='lat' dir='ltr'>lio,</span> <span class='ocrx_word' id='word_1_135' title='bbox 339 1234 653 1283; x_wconf 79' lang='lat' dir='ltr'>celeritatemque</span> <span class='ocrx_word' id='word_1_136' title='bbox 670 1233 866 1281; x_wconf 90' lang='lat' dir='ltr'>impedivit</span> <span class='ocrx_word' id='word_1_137' title='bbox 882 1233 990 1281; x_wconf 78' lang='lat' dir='ltr'>ejus3</span> <span class='ocrx_word' id='word_1_138' title='bbox 1013 1244 1138 1280; x_wconf 90' lang='lat' dir='ltr'>neque</span> <span class='ocrx_word' id='word_1_139' title='bbox 1158 1238 1285 1268; x_wconf 86' lang='lat' dir='ltr'>tamen</span> <span class='ocrx_word' id='word_1_140' title='bbox 1299 1231 1464 1266; x_wconf 86' lang='lat' dir='ltr'>multum</span> 
     </span>
    </p>

    <p class='ocr_par' dir='ltr' id='par_1_7' title="bbox 206 1282 1468 1594">
     <span class='ocr_line' id='line_1_20' title="bbox 206 1282 1464 1336; baseline -0.004 -13"><span class='ocrx_word' id='word_1_141' title='bbox 206 1289 230 1323; x_wconf 85' lang='lat'>2</span> <span class='ocrx_word' id='word_1_142' title='bbox 259 1286 431 1336; x_wconf 89' lang='lat' dir='ltr'>profecit.</span> <span class='ocrx_word' id='word_1_143' title='bbox 489 1286 593 1322; x_wconf 84' lang='lat' dir='ltr'>Nam</span> <span class='ocrx_word' id='word_1_144' title='bbox 622 1285 767 1322; x_wconf 78' lang='lat' dir='ltr'>invidia</span> <span class='ocrx_word' id='word_1_145' title='bbox 786 1285 941 1329; x_wconf 89' lang='lat' dir='ltr'>ducum,</span> <span class='ocrx_word' id='word_1_146' title='bbox 963 1297 1052 1320; x_wconf 89' lang='lat' dir='ltr'>cum</span> <span class='ocrx_word' id='word_1_147' title='bbox 1081 1284 1220 1333; x_wconf 89' lang='lat' dir='ltr'>quibus</span> <span class='ocrx_word' id='word_1_148' title='bbox 1240 1290 1333 1327; x_wconf 86' lang='lat' dir='ltr'>erat,</span> <span class='ocrx_word' id='word_1_149' title='bbox 1356 1282 1464 1331; x_wconf 87' lang='lat' dir='ltr'>perfi-</span> 
     </span>
     <span class='ocr_line' id='line_1_21' title="bbox 259 1334 1466 1388; baseline -0.004 -13"><span class='ocrx_word' id='word_1_150' title='bbox 259 1339 397 1388; x_wconf 87' lang='lat' dir='ltr'>diaque</span> <span class='ocrx_word' id='word_1_151' title='bbox 419 1338 675 1375; x_wconf 88' lang='lat' dir='ltr'>Macedonum</span> <span class='ocrx_word' id='word_1_152' title='bbox 696 1345 975 1381; x_wconf 79' lang='lat' dir='ltr'>veteranorum,</span> <span class='ocrx_word' id='word_1_153' title='bbox 997 1349 1116 1385; x_wconf 91' lang='lat' dir='ltr'>quum</span> <span class='ocrx_word' id='word_1_154' title='bbox 1137 1336 1310 1385; x_wconf 88' lang='lat' dir='ltr'>superior</span> <span class='ocrx_word' id='word_1_155' title='bbox 1332 1334 1466 1384; x_wconf 89' lang='lat' dir='ltr'>proelio</span> 
     </span>
     <span class='ocr_line' id='line_1_22' title="bbox 260 1388 1467 1440; baseline -0.004 -13"><span class='ocrx_word' id='word_1_156' title='bbox 260 1391 506 1436; x_wconf 88' lang='lat' dir='ltr'>discessisset,</span> <span class='ocrx_word' id='word_1_157' title='bbox 530 1391 724 1440; x_wconf 90' lang='lat' dir='ltr'>Antigono</span> <span class='ocrx_word' id='word_1_158' title='bbox 744 1397 800 1426; x_wconf 90' lang='lat' dir='ltr'>est</span> <span class='ocrx_word' id='word_1_159' title='bbox 819 1389 980 1433; x_wconf 83' lang='lat' dir='ltr'>deditus,</span> <span class='ocrx_word' id='word_1_160' title='bbox 1001 1401 1121 1438; x_wconf 89' lang='lat' dir='ltr'>quum</span> <span class='ocrx_word' id='word_1_161' title='bbox 1142 1388 1335 1426; x_wconf 77' lang='lat' dir='ltr'>exercitus</span> <span class='ocrx_word' id='word_1_162' title='bbox 1355 1388 1390 1423; x_wconf 93' lang='lat' dir='ltr'>ei</span> <span class='ocrx_word' id='word_1_163' title='bbox 1410 1394 1467 1423; x_wconf 89' lang='lat' dir='ltr'>ter</span> 
     </span>
     <span class='ocr_line' id='line_1_23' title="bbox 261 1439 1466 1492; baseline -0.004 -12"><span class='ocrx_word' id='word_1_164' title='bbox 261 1442 347 1480; x_wconf 84' lang='lat' dir='ltr'>ante</span> <span class='ocrx_word' id='word_1_165' title='bbox 368 1444 554 1492; x_wconf 87' lang='lat' dir='ltr'>separatis</span> <span class='ocrx_word' id='word_1_166' title='bbox 573 1443 807 1492; x_wconf 87' lang='lat' dir='ltr'>temporibus</span> <span class='ocrx_word' id='word_1_167' title='bbox 825 1443 1003 1491; x_wconf 86' lang='lat' dir='ltr'>jurasset,</span> <span class='ocrx_word' id='word_1_168' title='bbox 1033 1454 1073 1477; x_wconf 92' lang='lat' dir='ltr'>se</span> <span class='ocrx_word' id='word_1_169' title='bbox 1094 1453 1184 1477; x_wconf 90' lang='lat' dir='ltr'>eum</span> <span class='ocrx_word' id='word_1_170' title='bbox 1205 1439 1466 1484; x_wconf 89' lang='lat' dir='ltr'>defensurum,</span> 
     </span>
     <span class='ocr_line' id='line_1_24' title="bbox 262 1493 1468 1544; baseline -0.003 -12"><span class='ocrx_word' id='word_1_171' title='bbox 262 1508 334 1532; x_wconf 90' lang='lat' dir='ltr'>nec</span> <span class='ocrx_word' id='word_1_172' title='bbox 355 1508 539 1544; x_wconf 87' lang='lat' dir='ltr'>umquam</span> <span class='ocrx_word' id='word_1_173' title='bbox 559 1496 816 1532; x_wconf 83' lang='lat' dir='ltr'>deserturum.</span> <span class='ocrx_word' id='word_1_174' title='bbox 875 1494 947 1530; x_wconf 87' lang='lat' dir='ltr'>Sed</span> <span class='ocrx_word' id='word_1_175' title='bbox 979 1501 1084 1530; x_wconf 82' lang='lat' dir='ltr'>tanta</span> <span class='ocrx_word' id='word_1_176' title='bbox 1105 1493 1176 1529; x_wconf 89' lang='lat' dir='ltr'>fuit</span> <span class='ocrx_word' id='word_1_177' title='bbox 1196 1493 1468 1529; x_wconf 85' lang='lat' dir='ltr'>nonnullorum</span> 
     </span>
     <span class='ocr_line' id='line_1_25' title="bbox 262 1546 1468 1594; baseline -0.003 -10"><span class='ocrx_word' id='word_1_178' title='bbox 262 1549 414 1584; x_wconf 83' lang='lat' dir='ltr'>virtutis</span> <span class='ocrx_word' id='word_1_179' title='bbox 445 1548 679 1593; x_wconf 88' lang='lat' dir='ltr'>obtrectatio,</span> <span class='ocrx_word' id='word_1_180' title='bbox 720 1555 761 1584; x_wconf 86' lang='lat' dir='ltr'>ut</span> <span class='ocrx_word' id='word_1_181' title='bbox 792 1547 905 1583; x_wconf 86' lang='lat' dir='ltr'>fidem</span> <span class='ocrx_word' id='word_1_182' title='bbox 941 1547 1114 1583; x_wconf 82' lang='lat' dir='ltr'>amittere</span> <span class='ocrx_word' id='word_1_183' title='bbox 1148 1546 1317 1589; x_wconf 88' lang='lat' dir='ltr'>mallent,</span> <span class='ocrx_word' id='word_1_184' title='bbox 1352 1556 1468 1594; x_wconf 88' lang='lat' dir='ltr'>quam</span> 
     </span>
    </p>

    <p class='ocr_par' dir='ltr' id='par_1_8' title="bbox 209 1597 1470 1910">
     <span class='ocr_line' id='line_1_26' title="bbox 209 1597 1469 1650; baseline -0.004 -13"><span class='ocrx_word' id='word_1_185' title='bbox 209 1602 232 1636; x_wconf 85' lang='lat'><strong>3</strong></span> <span class='ocrx_word' id='word_1_186' title='bbox 261 1613 350 1637; x_wconf 90' lang='lat' dir='ltr'>eum</span> <span class='ocrx_word' id='word_1_187' title='bbox 383 1613 458 1637; x_wconf 91' lang='lat' dir='ltr'>non</span> <span class='ocrx_word' id='word_1_188' title='bbox 493 1600 666 1650; x_wconf 87' lang='lat' dir='ltr'>prodere.</span> <span class='ocrx_word' id='word_1_189' title='bbox 725 1601 856 1648; x_wconf 88' lang='lat' dir='ltr'>Atque</span> <span class='ocrx_word' id='word_1_190' title='bbox 884 1600 988 1635; x_wconf 91' lang='lat' dir='ltr'>hunc</span> <span class='ocrx_word' id='word_1_191' title='bbox 1017 1599 1247 1648; x_wconf 84' lang='lat' dir='ltr'>Antigonus,</span> <span class='ocrx_word' id='word_1_192' title='bbox 1283 1610 1403 1646; x_wconf 90' lang='lat' dir='ltr'>quum</span> <span class='ocrx_word' id='word_1_193' title='bbox 1433 1597 1469 1632; x_wconf 94' lang='lat' dir='ltr'>ei</span> 
     </span>
     <span class='ocr_line' id='line_1_27' title="bbox 262 1649 1467 1699; baseline -0.004 -10"><span class='ocrx_word' id='word_1_194' title='bbox 262 1652 396 1690; x_wconf 89' lang='lat' dir='ltr'>fuisset</span> <span class='ocrx_word' id='word_1_195' title='bbox 415 1653 695 1697; x_wconf 87' lang='lat' dir='ltr'>infestissimus,</span> <span class='ocrx_word' id='word_1_196' title='bbox 717 1658 992 1695; x_wconf 84' lang='lat' dir='ltr'>conservasset,</span> <span class='ocrx_word' id='word_1_197' title='bbox 1014 1651 1046 1686; x_wconf 90' lang='lat' dir='ltr'>si</span> <span class='ocrx_word' id='word_1_198' title='bbox 1075 1662 1142 1699; x_wconf 88' lang='lat' dir='ltr'>per</span> <span class='ocrx_word' id='word_1_199' title='bbox 1160 1663 1248 1686; x_wconf 89' lang='lat' dir='ltr'>suos</span> <span class='ocrx_word' id='word_1_200' title='bbox 1269 1656 1368 1686; x_wconf 88' lang='lat' dir='ltr'>esset</span> <span class='ocrx_word' id='word_1_201' title='bbox 1384 1649 1467 1688; x_wconf 82' lang='lat' dir='ltr'>lici-</span> 
     </span>
     <span class='ocr_line' id='line_1_28' title="bbox 262 1701 1469 1754; baseline -0.004 -13"><span class='ocrx_word' id='word_1_202' title='bbox 262 1712 356 1749; x_wconf 90' lang='lat' dir='ltr'>tum,</span> <span class='ocrx_word' id='word_1_203' title='bbox 377 1705 477 1754; x_wconf 90' lang='lat' dir='ltr'>quod</span> <span class='ocrx_word' id='word_1_204' title='bbox 512 1706 559 1741; x_wconf 86' lang='lat' dir='ltr'>ab</span> <span class='ocrx_word' id='word_1_205' title='bbox 579 1705 685 1741; x_wconf 90' lang='lat' dir='ltr'>nullo</span> <span class='ocrx_word' id='word_1_206' title='bbox 705 1717 745 1740; x_wconf 90' lang='lat' dir='ltr'>se</span> <span class='ocrx_word' id='word_1_207' title='bbox 776 1704 862 1753; x_wconf 90' lang='lat' dir='ltr'>plus</span> <span class='ocrx_word' id='word_1_208' title='bbox 882 1703 1059 1751; x_wconf 85' lang='lat' dir='ltr'>adjuvari</span> <span class='ocrx_word' id='word_1_209' title='bbox 1093 1715 1199 1750; x_wconf 84' lang='lat' dir='ltr'>posse</span> <span class='ocrx_word' id='word_1_210' title='bbox 1233 1701 1469 1750; x_wconf 84' lang='lat' dir='ltr'>intelligebat</span> 
     </span>
     <span class='ocr_line' id='line_1_29' title="bbox 262 1753 1468 1805; baseline -0.004 -12"><span class='ocrx_word' id='word_1_211' title='bbox 262 1758 302 1793; x_wconf 92' lang='lat' dir='ltr'>in</span> <span class='ocrx_word' id='word_1_212' title='bbox 332 1757 390 1793; x_wconf 91' lang='lat' dir='ltr'>his</span> <span class='ocrx_word' id='word_1_213' title='bbox 419 1758 545 1801; x_wconf 88' lang='lat' dir='ltr'>rebus,</span> <span class='ocrx_word' id='word_1_214' title='bbox 568 1770 666 1805; x_wconf 88' lang='lat' dir='ltr'>quas</span> <span class='ocrx_word' id='word_1_215' title='bbox 693 1755 911 1805; x_wconf 84' lang='lat' dir='ltr'>impendere</span> <span class='ocrx_word' id='word_1_216' title='bbox 942 1755 1023 1803; x_wconf 86' lang='lat' dir='ltr'>jam</span> <span class='ocrx_word' id='word_1_217' title='bbox 1045 1754 1249 1803; x_wconf 85' lang='lat' dir='ltr'>apparebat</span> <span class='ocrx_word' id='word_1_218' title='bbox 1280 1753 1468 1790; x_wconf 89' lang='lat' dir='ltr'>omnibus.</span> 
     </span>
     <span class='ocr_line' id='line_1_30' title="bbox 263 1805 1467 1855; baseline -0.004 -10"><span class='ocrx_word' id='word_1_219' title='bbox 263 1809 518 1846; x_wconf 86' lang='lat' dir='ltr'>Imminebant</span> <span class='ocrx_word' id='word_1_220' title='bbox 550 1810 650 1845; x_wconf 62' lang='lat' dir='ltr'>enisn</span> <span class='ocrx_word' id='word_1_221' title='bbox 684 1808 885 1851; x_wconf 87' lang='lat' dir='ltr'>Seleucus,</span> <span class='ocrx_word' id='word_1_222' title='bbox 921 1806 1193 1855; x_wconf 85' lang='lat' dir='ltr'>LysimachuS,</span> <span class='ocrx_word' id='word_1_223' title='bbox 1228 1805 1467 1850; x_wconf 86' lang='lat' dir='ltr'>Ptolemaeus‚</span> 
     </span>
     <span class='ocr_line' id='line_1_31' title="bbox 263 1857 1470 1910; baseline -0.002 -14"><span class='ocrx_word' id='word_1_224' title='bbox 263 1861 397 1910; x_wconf 92' lang='lat' dir='ltr'>opibus</span> <span class='ocrx_word' id='word_1_225' title='bbox 427 1861 508 1910; x_wconf 88' lang='lat' dir='ltr'>jam</span> <span class='ocrx_word' id='word_1_226' title='bbox 541 1861 725 1904; x_wconf 86' lang='lat' dir='ltr'>valentes,</span> <span class='ocrx_word' id='word_1_227' title='bbox 748 1871 838 1896; x_wconf 90' lang='lat' dir='ltr'>cum</span> <span class='ocrx_word' id='word_1_228' title='bbox 871 1859 1011 1907; x_wconf 88' lang='lat' dir='ltr'>quibus</span> <span class='ocrx_word' id='word_1_229' title='bbox 1031 1859 1067 1894; x_wconf 89' lang='lat' dir='ltr'>ei</span> <span class='ocrx_word' id='word_1_230' title='bbox 1095 1857 1141 1894; x_wconf 91' lang='lat' dir='ltr'>de</span> <span class='ocrx_word' id='word_1_231' title='bbox 1174 1858 1334 1894; x_wconf 90' lang='lat' dir='ltr'>summis</span> <span class='ocrx_word' id='word_1_232' title='bbox 1355 1858 1470 1894; x_wconf 89' lang='lat' dir='ltr'>rebus</span> 
     </span>
    </p>

    <p class='ocr_par' dir='ltr' id='par_1_9' title="bbox 211 1910 1471 2173">
     <span class='ocr_line' id='line_1_32' title="bbox 211 1910 1471 1959; baseline -0.002 -10"><span class='ocrx_word' id='word_1_233' title='bbox 211 1915 235 1949; x_wconf 81' lang='lat'>4</span> <span class='ocrx_word' id='word_1_234' title='bbox 264 1921 347 1950; x_wconf 84' lang='lat' dir='ltr'>erat</span> <span class='ocrx_word' id='word_1_235' title='bbox 379 1913 655 1949; x_wconf 88' lang='lat' dir='ltr'>dimicandum.</span> <span class='ocrx_word' id='word_1_236' title='bbox 713 1911 789 1948; x_wconf 85' lang='lat' dir='ltr'>Sed</span> <span class='ocrx_word' id='word_1_237' title='bbox 822 1923 897 1948; x_wconf 88' lang='lat' dir='ltr'>non</span> <span class='ocrx_word' id='word_1_238' title='bbox 928 1911 1030 1959; x_wconf 87' lang='lat' dir='ltr'>passi</span> <span class='ocrx_word' id='word_1_239' title='bbox 1063 1917 1152 1947; x_wconf 91' lang='lat' dir='ltr'>sunt</span> <span class='ocrx_word' id='word_1_240' title='bbox 1181 1910 1233 1954; x_wconf 91' lang='lat' dir='ltr'>hi,</span> <span class='ocrx_word' id='word_1_241' title='bbox 1267 1910 1334 1958; x_wconf 90' lang='lat' dir='ltr'>qui</span> <span class='ocrx_word' id='word_1_242' title='bbox 1365 1911 1471 1946; x_wconf 86' lang='lat' dir='ltr'>circa</span> 
     </span>
     <span class='ocr_line' id='line_1_33' title="bbox 264 1962 1471 2013; baseline -0.002 -12"><span class='ocrx_word' id='word_1_243' title='bbox 264 1972 395 2002; x_wconf 86' lang='lat' dir='ltr'>erant:</span> <span class='ocrx_word' id='word_1_244' title='bbox 426 1965 526 2013; x_wconf 92' lang='lat' dir='ltr'>quod</span> <span class='ocrx_word' id='word_1_245' title='bbox 546 1965 736 2009; x_wconf 88' lang='lat' dir='ltr'>videbant,</span> <span class='ocrx_word' id='word_1_246' title='bbox 758 1963 935 1999; x_wconf 88' lang='lat' dir='ltr'>Eumene</span> <span class='ocrx_word' id='word_1_247' title='bbox 955 1969 1117 2011; x_wconf 87' lang='lat' dir='ltr'>recepto,</span> <span class='ocrx_word' id='word_1_248' title='bbox 1138 1975 1270 1999; x_wconf 90' lang='lat' dir='ltr'>omnes</span> <span class='ocrx_word' id='word_1_249' title='bbox 1298 1974 1377 2011; x_wconf 85' lang='lat' dir='ltr'>prae</span> <span class='ocrx_word' id='word_1_250' title='bbox 1405 1962 1471 1998; x_wconf 86' lang='lat' dir='ltr'>illo</span> 
     </span>
     <span class='ocr_line' id='line_1_34' title="bbox 265 2014 1470 2067; baseline -0.003 -13"><span class='ocrx_word' id='word_1_251' title='bbox 265 2018 374 2067; x_wconf 88' lang='lat' dir='ltr'>parvi</span> <span class='ocrx_word' id='word_1_252' title='bbox 396 2016 556 2053; x_wconf 87' lang='lat' dir='ltr'>futuros.</span> <span class='ocrx_word' id='word_1_253' title='bbox 614 2016 698 2065; x_wconf 90' lang='lat' dir='ltr'>Ipse</span> <span class='ocrx_word' id='word_1_254' title='bbox 720 2023 848 2052; x_wconf 91' lang='lat' dir='ltr'>autem</span> <span class='ocrx_word' id='word_1_255' title='bbox 869 2016 1089 2064; x_wconf 87' lang='lat' dir='ltr'>Antigonus</span> <span class='ocrx_word' id='word_1_256' title='bbox 1118 2014 1212 2051; x_wconf 87' lang='lat' dir='ltr'>adeo</span> <span class='ocrx_word' id='word_1_257' title='bbox 1231 2021 1313 2050; x_wconf 87' lang='lat' dir='ltr'>erat</span> <span class='ocrx_word' id='word_1_258' title='bbox 1341 2014 1470 2050; x_wconf 91' lang='lat' dir='ltr'>incen-</span> 
     </span>
     <span class='ocr_line' id='line_1_35' title="bbox 265 2067 1467 2119; baseline -0.003 -13"><span class='ocrx_word' id='word_1_259' title='bbox 265 2082 342 2115; x_wconf 89' lang='lat' dir='ltr'>sus,</span> <span class='ocrx_word' id='word_1_260' title='bbox 364 2077 417 2115; x_wconf 88' lang='lat' dir='ltr'>ut,</span> <span class='ocrx_word' id='word_1_261' title='bbox 438 2070 511 2106; x_wconf 89' lang='lat' dir='ltr'>nisi</span> <span class='ocrx_word' id='word_1_262' title='bbox 545 2082 686 2119; x_wconf 86' lang='lat' dir='ltr'>magna</span> <span class='ocrx_word' id='word_1_263' title='bbox 705 2081 771 2118; x_wconf 93' lang='lat' dir='ltr'>spe</span> <span class='ocrx_word' id='word_1_264' title='bbox 800 2068 1057 2103; x_wconf 88' lang='lat' dir='ltr'>maximarum</span> <span class='ocrx_word' id='word_1_265' title='bbox 1089 2079 1230 2111; x_wconf 91' lang='lat' dir='ltr'>rerum,</span> <span class='ocrx_word' id='word_1_266' title='bbox 1251 2067 1364 2103; x_wconf 84' lang='lat' dir='ltr'>leniri</span> <span class='ocrx_word' id='word_1_267' title='bbox 1397 2078 1467 2102; x_wconf 89' lang='lat' dir='ltr'>non</span> 
     </span>
     <span class='ocr_line' id='line_1_36' title="bbox 266 2130 403 2173; baseline 0.007 -15"><span class='ocrx_word' id='word_1_268' title='bbox 266 2130 403 2173; x_wconf 81' lang='lat' dir='ltr'>posset,</span> 
     </span>
    </p>

    <p class='ocr_par' dir='ltr' id='par_1_10' title="bbox 217 2171 1472 2380">
     <span class='ocr_line' id='line_1_37' title="bbox 217 2171 1467 2223; baseline -0.004 -11"><span class='ocrx_word' id='word_1_269' title='bbox 217 2177 234 2212; x_wconf 92' lang='lat' dir='ltr'>l</span> <span class='ocrx_word' id='word_1_270' title='bbox 321 2174 388 2211; x_wconf 92' lang='lat' dir='ltr'>XI.</span> <span class='ocrx_word' id='word_1_271' title='bbox 421 2173 553 2223; x_wconf 90' lang='lat' dir='ltr'>Itaque</span> <span class='ocrx_word' id='word_1_272' title='bbox 573 2186 694 2222; x_wconf 87' lang='lat' dir='ltr'>quum</span> <span class='ocrx_word' id='word_1_273' title='bbox 714 2186 802 2210; x_wconf 88' lang='lat' dir='ltr'>eum</span> <span class='ocrx_word' id='word_1_274' title='bbox 831 2174 870 2209; x_wconf 89' lang='lat' dir='ltr'>in</span> <span class='ocrx_word' id='word_1_275' title='bbox 892 2171 1102 2208; x_wconf 87' lang='lat' dir='ltr'>custodiam</span> <span class='ocrx_word' id='word_1_276' title='bbox 1123 2171 1300 2216; x_wconf 87' lang='lat' dir='ltr'>dedisset,</span> <span class='ocrx_word' id='word_1_277' title='bbox 1322 2177 1358 2207; x_wconf 91' lang='lat' dir='ltr'>et</span> <span class='ocrx_word' id='word_1_278' title='bbox 1378 2182 1467 2220; x_wconf 86' lang='lat' dir='ltr'>prae-</span> 
     </span>
     <span class='ocr_line' id='line_1_38' title="bbox 267 2222 1468 2275; baseline -0.003 -12"><span class='ocrx_word' id='word_1_279' title='bbox 267 2226 391 2263; x_wconf 90' lang='lat' dir='ltr'>fectus</span> <span class='ocrx_word' id='word_1_280' title='bbox 411 2227 614 2264; x_wconf 89' lang='lat' dir='ltr'>custodum</span> <span class='ocrx_word' id='word_1_281' title='bbox 648 2226 857 2275; x_wconf 75' lang='lat' dir='ltr'>quaesisset,</span> <span class='ocrx_word' id='word_1_282' title='bbox 879 2224 1199 2272; x_wconf 84' lang='lat' dir='ltr'>quemadmodum</span> <span class='ocrx_word' id='word_1_283' title='bbox 1229 2224 1376 2260; x_wconf 87' lang='lat' dir='ltr'>servari</span> <span class='ocrx_word' id='word_1_284' title='bbox 1397 2222 1468 2259; x_wconf 87' lang='lat' dir='ltr'>vel-</span> 
     </span>
     <span class='ocr_line' id='line_1_39' title="bbox 266 2274 1471 2326; baseline -0.004 -10"><span class='ocrx_word' id='word_1_285' title='bbox 266 2279 348 2316; x_wconf 72' lang='lat' dir='ltr'>let&#39;.2</span> <span class='ocrx_word' id='word_1_286' title='bbox 378 2285 417 2316; x_wconf 77' lang='lat' dir='ltr'>ut</span> <span class='ocrx_word' id='word_1_287' title='bbox 442 2281 671 2323; x_wconf 79' lang='lat' dir='ltr'>acerrimum,</span> <span class='ocrx_word' id='word_1_288' title='bbox 692 2279 826 2326; x_wconf 86' lang='lat' dir='ltr'>inquit,</span> <span class='ocrx_word' id='word_1_289' title='bbox 849 2278 994 2321; x_wconf 79' lang='lat' dir='ltr'>leonem,</span> <span class='ocrx_word' id='word_1_290' title='bbox 1016 2282 1080 2313; x_wconf 80' lang='lat' dir='ltr'>aut</span> <span class='ocrx_word' id='word_1_291' title='bbox 1097 2274 1376 2324; x_wconf 77' lang='lat' dir='ltr'>ferocissimum</span> <span class='ocrx_word' id='word_1_292' title='bbox 1405 2275 1471 2312; x_wconf 82' lang='lat' dir='ltr'>ele-</span> 
     </span>
     <span class='ocr_line' id='line_1_40' title="bbox 264 2326 1472 2380; baseline -0.004 -12"><span class='ocrx_word' id='word_1_293' title='bbox 264 2332 454 2380; x_wconf 78' lang='lat' dir='ltr'>phantum.</span> <span class='ocrx_word' id='word_1_294' title='bbox 512 2331 694 2368; x_wconf 88' lang='lat' dir='ltr'>Nondum</span> <span class='ocrx_word' id='word_1_295' title='bbox 729 2331 830 2366; x_wconf 90' lang='lat' dir='ltr'>enim</span> <span class='ocrx_word' id='word_1_296' title='bbox 869 2336 1063 2373; x_wconf 84' lang='lat' dir='ltr'>statuerat,</span> <span class='ocrx_word' id='word_1_297' title='bbox 1096 2334 1341 2365; x_wconf 86' lang='lat' dir='ltr'>conservaret</span> <span class='ocrx_word' id='word_1_298' title='bbox 1371 2326 1472 2371; x_wconf 85' lang='lat' dir='ltr'>eum,</span> 
     </span>
    </p>

    <p class='ocr_par' dir='ltr' id='par_1_11' title="bbox 217 2381 1474 2536">
     <span class='ocr_line' id='line_1_41' title="bbox 217 2381 1474 2428; baseline -0.005 -8"><span class='ocrx_word' id='word_1_299' title='bbox 217 2386 239 2419; x_wconf 81' lang='lat'><strong>2</strong></span> <span class='ocrx_word' id='word_1_300' title='bbox 270 2396 340 2419; x_wconf 89' lang='lat' dir='ltr'>nec</span> <span class='ocrx_word' id='word_1_301' title='bbox 357 2396 418 2420; x_wconf 89' lang='lat' dir='ltr'>ne.</span> <span class='ocrx_word' id='word_1_302' title='bbox 461 2383 652 2420; x_wconf 87' lang='lat' dir='ltr'>Veniebat</span> <span class='ocrx_word' id='word_1_303' title='bbox 672 2390 802 2419; x_wconf 86' lang='lat' dir='ltr'>autern</span> <span class='ocrx_word' id='word_1_304' title='bbox 823 2381 869 2417; x_wconf 89' lang='lat' dir='ltr'>ad</span> <span class='ocrx_word' id='word_1_305' title='bbox 890 2381 1107 2418; x_wconf 88' lang='lat' dir='ltr'>Eumenem</span> <span class='ocrx_word' id='word_1_306' title='bbox 1128 2389 1332 2428; x_wconf 86' lang='lat' dir='ltr'>utrumque</span> <span class='ocrx_word' id='word_1_307' title='bbox 1351 2391 1474 2428; x_wconf 86' lang='lat' dir='ltr'>genus</span> 
     </span>
     <span class='ocr_line' id='line_1_42' title="bbox 270 2430 1474 2484; baseline -0.006 -10"><span class='ocrx_word' id='word_1_308' title='bbox 270 2435 490 2474; x_wconf 78' lang='lat' dir='ltr'>hominum‘:</span> <span class='ocrx_word' id='word_1_309' title='bbox 520 2442 557 2473; x_wconf 89' lang='lat' dir='ltr'>et</span> <span class='ocrx_word' id='word_1_310' title='bbox 576 2436 642 2484; x_wconf 91' lang='lat' dir='ltr'>qui</span> <span class='ocrx_word' id='word_1_311' title='bbox 666 2442 816 2484; x_wconf 88' lang='lat' dir='ltr'>propter</span> <span class='ocrx_word' id='word_1_312' title='bbox 835 2433 965 2471; x_wconf 89' lang='lat' dir='ltr'>odium</span> <span class='ocrx_word' id='word_1_313' title='bbox 986 2433 1156 2470; x_wconf 86' lang='lat' dir='ltr'>fructum</span> <span class='ocrx_word' id='word_1_314' title='bbox 1175 2433 1298 2470; x_wconf 89' lang='lat' dir='ltr'>oculis</span> <span class='ocrx_word' id='word_1_315' title='bbox 1316 2443 1364 2467; x_wconf 83' lang='lat' dir='ltr'>ex</span> <span class='ocrx_word' id='word_1_316' title='bbox 1391 2430 1474 2479; x_wconf 88' lang='lat' dir='ltr'>ejus</span> 
     </span>
     <span class='ocr_line' id='line_1_43' title="bbox 269 2483 1474 2536; baseline -0.005 -11"><span class='ocrx_word' id='word_1_317' title='bbox 269 2499 366 2524; x_wconf 84' lang='lat' dir='ltr'>casu</span> <span class='ocrx_word' id='word_1_318' title='bbox 395 2499 534 2525; x_wconf 82' lang='lat' dir='ltr'>canere</span> <span class='ocrx_word' id='word_1_319' title='bbox 554 2487 710 2532; x_wconf 88' lang='lat' dir='ltr'>vellent,</span> <span class='ocrx_word' id='word_1_320' title='bbox 731 2494 776 2524; x_wconf 62' lang='lat' dir='ltr'>et*</span> <span class='ocrx_word' id='word_1_321' title='bbox 796 2486 862 2536; x_wconf 92' lang='lat' dir='ltr'>qui</span> <span class='ocrx_word' id='word_1_322' title='bbox 896 2493 1048 2536; x_wconf 90' lang='lat' dir='ltr'>propter</span> <span class='ocrx_word' id='word_1_323' title='bbox 1067 2492 1232 2522; x_wconf 88' lang='lat' dir='ltr'>veterem</span> <span class='ocrx_word' id='word_1_324' title='bbox 1267 2483 1474 2521; x_wconf 87' lang='lat' dir='ltr'>amicitiam</span> 
     </span>
    </p>
   </div>
  </div>
 </body>
</html>
