1651 2790
499 236 594 277 VII.
628 241 666 276 7.
726 237 1012 290 (Alcibiades.)
1295 242 1350 279 33

153 336 234 386 ejus
254 347 386 384 opera,
439 336 570 383 Itaque
593 341 630 371 et
651 333 796 371 Siciliae
828 335 1021 379 amissum,
1053 342 1089 371 et
1110 336 1353 373 Lacedaemo-

151 389 297 426 niorum
312 388 489 424 victorias
511 388 630 436 culpae
651 400 728 423 suae
749 386 972 431 tribuebant,
989 388 1088 435 quod
1106 389 1172 424 tal(
1185 402 1219 424 m
1233 390 1354 425 virum

152 454 172 478 e
195 440 347 477 civitate
369 440 619 489 expulissent.
677 440 813 487 Neque
844 439 882 475 id
916 439 1000 475 sine
1036 452 1153 476 causa
1183 441 1352 478 arbitrari

150 493 385 530 videbantur.
444 493 545 529 Nam
564 499 761 540 postquam
779 492 963 528 exercitui
984 504 1151 540 praeesse
1173 500 1351 540 coeperat,

135 558 274 594 ·neque
308 553 419 590 terra,
438 558 563 593 neque
593 545 687 580 mari
715 544 846 580 hostes
878 557 991 592 pares
1013 557 1102 580 esse
1136 552 1347 592 potuerant.

152 598 228 635 Hic
249 605 289 634 ut
318 611 338 634 e
359 598 447 634 navi
482 610 662 646 egressus
684 604 754 641 est,
774 609 998 644 quamquain
1029 596 1293 633 Theramenes
1315 604 1353 633 et

151 651 416 699 Thrasybulus
430 650 579 686 eisdem
591 650 703 685 rebus
717 649 954 698 praefuerant,
967 649 1154 697 simulque
1170 657 1352 686 venerant

154 716 189 739 m
210 704 420 740 Piraeeum:
457 710 583 738 tamen
603 702 709 738 illum
728 714 843 738 unum
862 713 995 738 omnes
1016 703 1351 750 prosequebantur,

152 764 200 800 et,
220 756 259 792 id
292 755 391 803 quod
418 767 620 802 numquam
640 764 752 790 antea
775 767 846 790 usu
866 762 1034 799 venerat,
1054 754 1130 790 nisi
1165 754 1351 803 Olympiae

152 808 369 852 victoribus,
404 808 555 843 coronis
587 807 713 842 aureis
748 807 940 854 aeneisque
977 807 1091 855 vulgo
1131 807 1349 843 donabatur.

152 861 222 898 Ille
244 861 446 897 lacrimans
466 860 582 895 talem
600 859 908 895 benevolentiam
925 859 1065 895 civium
1086 872 1237 895 suorum
1251 860 1352 896 acci-

150 913 289 962 piebat,
310 913 561 948 reminiscens
582 911 732 960 pristini
752 911 932 960 temporis
954 912 1211 948 acerbitatem.
1243 912 1352 949 Post-

150 978 260 1013 quam
291 972 374 1001 astu
394 964 509 1008 venit,
532 964 718 1000 concione
749 964 933 1000 advocata
962 964 1019 1000 sic
1040 965 1158 1001 verba
1191 964 1295 1009 fecit,
1311 972 1352 1000 ut

150 1030 262 1054 nemo
282 1026 357 1053 tam
377 1017 478 1053 ferus
499 1016 624 1061 fuerit,
651 1016 741 1064 quin
771 1017 853 1065 ejus
876 1029 1008 1052 casum
1036 1017 1253 1061 lacrimarit,
1282 1017 1353 1053 ini-

150 1071 363 1118 micumque
385 1069 445 1105 his
467 1082 509 1105 se
532 1069 754 1113 ostenderit,
774 1081 931 1116 quorum
950 1073 1067 1117 opera
1086 1069 1205 1117 patria
1220 1070 1352 1118 pulsus

151 1123 283 1168 fuerat,
318 1121 477 1170 proinde
513 1135 557 1158 ac
590 1121 623 1158 si
653 1122 750 1157 alius
771 1122 945 1170 populus,
975 1134 1050 1157 non
1079 1122 1144 1157 ille
1166 1121 1263 1169 ipse,
1290 1121 1352 1169 qui

151 1184 227 1212 tum
257 1175 382 1219 flebat,
404 1187 490 1211 eum
523 1174 718 1222 sacrilegii
750 1174 980 1209 damnasset.
1037 1174 1230 1209 Restituta
1263 1186 1354 1223 ergo

151 1228 240 1264 huic
261 1235 347 1264 sunt
366 1228 517 1275 publice
538 1228 660 1271 bona3
691 1226 880 1273 iidemque
894 1225 950 1262 illi
968 1226 1205 1274 Eumolpidae
1227 1239 1354 1263 sacer-

152 1281 259 1317 dotes
280 1293 408 1316 rursus
430 1292 626 1316 resacrare
648 1286 734 1315 sunt
754 1278 889 1323 coacti,
909 1278 972 1326 qui
992 1291 1078 1314 euin
1097 1279 1352 1323 devoverant3

152 1333 311 1381 pilaeque
332 1333 419 1377 illae,
440 1332 480 1368 in
512 1331 647 1380 quibus
669 1331 820 1368 devotio
854 1330 976 1367 suerat
1009 1331 1162 1379 scripta,
1183 1331 1224 1367 in
1250 1344 1352 1368 mare

152 1393 408 1433 praecipitatae.

207 1437 297 1473 VH.
328 1436 423 1472 Haec
446 1436 637 1472 Alcibiadi
667 1435 798 1472 laetitia
824 1448 900 1471 non
919 1435 1032 1471 nimis
1068 1435 1137 1471 fuit
1167 1436 1352 1472 diuturna.

156 1489 254 1525 Nam
286 1500 400 1536 quum
420 1488 456 1523 ei
489 1500 621 1523 omnes
652 1495 784 1524 essent
813 1487 978 1523 honores
1013 1488 1170 1532 decreti,
1205 1495 1354 1536 totaque

154 1541 370 1590 respublica
389 1540 489 1576 domi
509 1540 675 1587 bellique
703 1539 851 1583 tradita,
871 1547 911 1575 ut
930 1539 1042 1575 unius
1073 1540 1225 1576 arbitrio
1245 1553 1353 1588 gere-

154 1601 276 1638 retur3
307 1600 344 1629 et
372 1593 455 1641 ipse
476 1593 720 1640 postulasset,
741 1598 780 1627 ut
800 1591 871 1627 duo
892 1592 965 1627 sibi
986 1592 1143 1640 collegae
1165 1592 1354 1637 darentur,

154 1645 418 1693 Thrasybulus
451 1653 488 1680 et
522 1644 760 1688 Adimantus,
790 1656 914 1691 neque
948 1643 987 1679 id
1016 1652 1195 1692 negatum
1224 1652 1350 1681 esset:

155 1699 280 1734 classe
297 1698 376 1746 jam
398 1697 436 1733 in
452 1697 584 1733 Asiam
604 1696 809 1745 profectus,
826 1696 924 1743 quod
944 1696 1042 1744 apud
1064 1696 1213 1745 Cymen
1230 1697 1354 1733 minus

155 1763 202 1787 ex
222 1750 412 1787 sententia
440 1762 521 1785 rem
552 1756 737 1798 gesserat,
759 1749 797 1784 in
831 1748 1011 1784 invidiam
1039 1749 1187 1784 recidit.
1244 1748 1354 1786 Nihil

155 1803 256 1839 enim
276 1816 362 1839 eurn
380 1815 456 1838 non
477 1802 630 1838 efficere
660 1814 775 1850 posse
797 1801 997 1845 ducebant.
1054 1801 1117 1837 Ex
1136 1814 1208 1849 quo
1229 1802 1353 1847 fiebat,

153 1862 193 1891 ut
212 1855 337 1891 omnia
368 1855 493 1891 minus
527 1866 708 1902 prospere
743 1861 852 1902 gesta
872 1854 954 1902 ejus
985 1854 1106 1901 culpae
1134 1854 1353 1899 tribuerent,

154 1920 265 1955 quum
286 1921 371 1944 eum
393 1915 454 1943 aut
472 1907 726 1955 negligenter,
746 1913 808 1942 aut
839 1906 1029 1942 malitiose
1061 1905 1204 1942 fecisse
1226 1907 1354 1954 loque-

154 1968 302 1996 rentur:
333 1960 431 1996 sicut
458 1966 536 1994 tum
557 1959 708 1994 accidit.
766 1958 878 2002 Nam,
901 1966 1113 2007 corruptum
1140 1971 1161 1994 a
1180 1971 1271 2007 rege
1294 1972 1354 1994 ca-

154 2025 245 2060 pere
268 2013 416 2061 Cymen
437 2011 621 2055 noluisse‚
643 2011 862 2059 arguebant.
919 2011 1050 2058 Itaque
1080 2010 1169 2046 huic
1189 2011 1352 2047 maxime
1384 2015 1391 2024 ’

155 2073 326 2113 putamus
358 2064 456 2100 malo
488 2064 608 2099 fuisse
639 2063 795 2099 nimiam
820 2062 1041 2111 opinionem
1069 2063 1215 2111 ingenii
1244 2070 1353 2110 atque

158 2117 316 2153 virtutis.
372 2117 406 2153 T
410 2117 594 2152 imebatur
613 2116 715 2151 enim
733 2127 809 2151 non
828 2115 964 2159 minus,
985 2127 1095 2163 quam
1115 2115 1354 2163 diligebatur,

156 2181 218 2213 ne,
238 2169 409 2204 secunda
440 2168 588 2204 fortuna
607 2168 829 2216 magnisque
859 2167 993 2215 opibus
1025 2167 1158 2211 elatus,
1189 2166 1354 2214 tyranni-

158 2220 244 2256 dem
264 2221 565 2268 concupisceret.
597 2220 744 2262 Quibus
764 2221 876 2255 rebus
897 2219 1037 2255 factum
1057 2226 1127 2263 est,
1148 2225 1187 2254 ut
1207 2219 1356 2254 absenti

157 2271 415 2320 magistratum
435 2273 670 2320 abrogarent,
691 2279 728 2308 et
762 2272 877 2307 alium
910 2272 949 2307 in
970 2272 1052 2319 ejus
1074 2271 1199 2306 locum
1219 2270 1355 2306 substi-

157 2330 317 2359 tuerent.
374 2324 419 2360 Id
438 2324 502 2359 ille
522 2332 562 2359 ut
590 2323 744 2368 audivit,
767 2324 917 2359 domum
937 2323 1075 2358 reverti
1094 2322 1224 2366 noluit,
1245 2329 1283 2358 et
1310 2335 1353 2358 se

160 2375 333 2424 Pactyen
354 2375 521 2419 contulit,
549 2374 674 2422 ibique
707 2376 779 2410 tria
799 2375 960 2410 castella
988 2374 1241 2419 communivit,
1262 2374 1355 2410 Bor-

158 2440 241 2473 nos,
263 2427 500 2476 Bysanthen,
521 2426 785 2470 NeontIchos3
815 2439 1000 2473 manuque
1030 2427 1193 2462 collecta
1210 2427 1354 2474 primus

162 2479 321 2516 Graeciae
342 2479 504 2516 civitatis
533 2479 573 2515 in
601 2478 809 2515 Thraciam
827 2477 981 2523 introiit,
1001 2478 1203 2527 gloriosius
1224 2478 1355 2515 existi-
