1651 2790
502 225 576 267 VI.
627 232 661 267 1.
725 227 986 281 (Lysander.)
1300 233 1354 271 27

146 336 243 373 pace
265 324 329 361 diu
359 324 492 361 desid
480 337 560 361 rar
565 331 683 361 erunt.
741 325 829 362 Fuit
858 325 959 361 enim
978 332 1080 361 tanta
1108 326 1347 372 liberalitate,

147 389 260 425 quum
293 377 550 435 compluribus
582 377 678 413 locis
705 377 847 425 praedia
877 376 1080 424 hortosque
1110 377 1278 424 haberet,
1307 387 1347 416 ut

145 442 347 477 numquam
366 430 405 466 in
437 430 493 465 eis
524 429 721 465 custodem
749 429 974 486 imposuerit
996 429 1137 466 fructus
1168 433 1346 468 servandi

147 482 278 530 gratia,
298 495 346 518 ne
368 482 452 530 quis
482 482 739 530 impediretur,
761 493 834 529 quo
864 481 987 517 minus
1009 482 1091 530 ejus
1122 483 1246 527 1ebus‚
1267 484 1345 530 qui-

146 535 214 570 bus
243 535 401 582 quisque
422 535 550 578 vellet,
580 534 777 570 frueretur.
836 534 998 582 Semper
1029 547 1115 570 eum
1146 535 1345 582 pedisequi
1373 540 1394 572 2

146 599 231 622 cum
250 587 412 623 nummis
434 594 519 623 sunt
542 587 678 631 secuti,
698 595 748 631 ut,
770 586 803 622 si
823 587 906 634 quis
931 586 1014 634 opis
1043 587 1124 634 ejus
1145 587 1343 635 indigeret,

144 637 420 687 haberet,quod
433 640 558 675 statim
574 640 748 683 daret‚ne
764 639 976 675 differendo
985 639 1175 675 videretur
1191 652 1330 687 negare

146 692 273 740 Saepe,
306 705 420 739 quum
452 692 617 740 aliquem
650 692 838 728 offensum
871 691 1018 727 fortuna
1048 691 1195 727 videret
1221 693 1344 728 minus

144 745 241 780 bene
257 745 446 789 vestitum,
463 757 572 781 suum
592 745 795 780 amiculum
814 744 931 780 dedit.
962 743 1143 786 Quotidie
1164 743 1220 779 sic
1238 757 1346 781 coena
1374 747 1394 781 3

145 795 181 832 ei
203 797 445 844 coquebatur,
461 804 512 841 ut,
526 808 622 844 quos
643 796 840 832 invocatos
860 796 1024 832 vidisset
1043 796 1082 832 in
1101 795 1194 840 foro,
1211 808 1342 832 omnes

143 848 369 886 devocaret:
418 850 518 897 quod
548 849 677 885 facere
707 850 852 885 nullum
887 849 990 885 diem
1025 848 1342 896 praetermittebat.

143 901 251 937 Nulli
271 901 367 937 fides
389 902 484 950 ejus,
504 902 599 938 nulli
628 914 756 950 opera,
776 901 871 937 nulli
898 913 961 937 res
982 900 1179 937 familiaris
1201 900 1343 946 defuit;

141 954 278 990 multos
306 954 577 1003 locupletavit;
608 954 823 1002 complures
852 966 1041 1002 pauperes
1069 960 1248 997 mortu03‚
1268 954 1343 1000 qui,

140 1006 240 1042 unde
275 1006 509 1051 efferrentur,
542 1018 618 1043 non
655 1006 913 1054 reliquissent,
944 1018 1012 1042 suo
1044 1013 1167 1041 sumtu
1198 1005 1341 1042 extulit.

143 1058 209 1095 Sic
227 1071 270 1095 se
291 1058 458 1107 gerendo
478 1059 633 1095 minime
656 1065 715 1095 est
732 1058 957 1103 mirandum,
974 1057 1007 1094 si
1028 1065 1066 1094 et
1084 1058 1161 1093 vita
1177 1057 1259 1107 ejus
1275 1056 1345 1094 fuit
1370 1059 1394 1095 4

141 1123 291 1156 secura,
314 1118 351 1147 et
370 1123 471 1147 mors
492 1111 642 1148 acerba.

384 1394 496 1442 VI.
572 1394 1095 1481 LYSANDEJz.

528 1610 942 1648 ARGUMENTUM.

146 1699 272 1736 CAP.
287 1698 321 1735 I.
337 1699 566 1735 Athenarum
579 1699 713 1740 metor
735 1697 951 1733 decemviros
969 1697 1118 1733 Groecz'ae
1131 1697 1343 1736 civitatibus

193 1753 355 1802 imponit.
401 1750 459 1787 II.
494 1736 666 1786 Crudeles
686 1751 725 1786 in
746 1749 917 1786 Tlmszos.
967 1748 1049 1785 III.
1079 1749 1205 1799 Reges
1220 1751 1342 1787 tollere

193 1812 227 1841 et
247 1803 431 1841 oraculum
450 1815 673 1852 corrumpere
693 1809 869 1845 conatam
900 1809 1095 1838 accusatus
1115 1803 1341 1839 absolvitur:

192 1857 367 1893 occiditur
379 1870 401 1892 a
419 1855 614 1892 Thebanis.
654 1855 727 1891 IV.
749 1854 940 1904 Lysander
951 1853 1198 1890 Pharnabazi
1200 1854 1342 1905 fraude

191 1923 230 1946 se
250 1910 326 1959 ipse
344 1915 505 1944 accusat.

192 1995 224 2031 I.
269 1994 480 2043 Lysander,
516 1993 844 2038 Lacedaemonius,
881 2005 1059 2041 magnam
1095 1993 1248 2041 reliquit
1280 1993 1339 2030 sui
1371 1996 1386 2030 1

139 2047 288 2091 samam,
317 2046 439 2095 magis
474 2046 669 2091 felicitate,
701 2058 813 2094 quam
841 2045 978 2081 virtute
1008 2052 1165 2094 partam.
1223 2045 1340 2082 Athe-

138 2099 298 2135 nienses
320 2099 422 2135 enim
440 2098 480 2135 in
509 2098 814 2146 Peloponnesios
845 2105 953 2133 sexto
974 2105 1011 2133 et
1029 2097 1215 2133 vicesimo
1240 2110 1338 2133 anno

139 2152 281 2187 bellum
319 2158 496 2199 gerentes
527 2150 744 2186 confecisse
774 2157 942 2198 apparet.
1012 2149 1056 2185 Id
1089 2162 1160 2196 qua
1194 2149 1338 2185 ratione

142 2211 370 2239 consecutus
392 2203 452 2246 sit,
473 2203 577 2239 latet.
634 2203 723 2239 Non
751 2203 853 2238 enim
881 2202 1016 2238 virtute
1047 2201 1106 2237 sui
1134 2201 1338 2245 exercitus,

142 2255 212 2290 sed
249 2254 488 2290 immodestia
520 2255 661 2291 factum
692 2262 751 2291 est
784 2254 1096 2297 adversariorum,
1136 2253 1210 2300 qui,
1242 2253 1340 2300 quod

144 2307 244 2343 dicto
267 2306 464 2342 audientes
493 2307 779 2354 imperatoribus
811 2306 891 2342 suis
920 2318 995 2341 non
1026 2313 1143 2349 erant,
1164 2305 1340 2353 dispalati

141 2359 180 2395 in
202 2359 315 2407 agris,
336 2358 482 2394 relictis
509 2358 684 2402 naribus,
713 2359 752 2394 in
779 2358 945 2393 hostium
965 2364 1149 2392 venerunt
1176 2364 1341 2405 potesta-

140 2417 233 2447 tem.
288 2411 374 2453 Quo
394 2410 493 2446 facto
514 2410 774 2445 Athenienses
794 2422 837 2445 se
859 2409 1163 2445 Lacedaemoniis
1184 2409 1339 2446 dedide-

142 2470 239 2500 runt.
280 2463 366 2500 Hac
383 2462 542 2498 victoria
562 2461 762 2511 Lysander
782 2462 917 2505 elatus,
933 2473 1045 2509 quum
1061 2468 1171 2497 antea
1187 2473 1341 2510 semper
1368 2464 1387 2498 3

1367 2205 1389 2238 ἕξ)
