1651 2790
206 503 220 538 1

209 1910 233 1943 (ὑ

258 248 311 286 30
556 243 653 284 VII.
704 248 738 292 l,
762 248 800 292 2,
823 247 861 283 3.
924 240 1208 294 (Alcibiades.)

308 343 393 380 bene
412 342 580 379 consulit.
625 340 703 378 IX.
726 340 774 377 In
789 339 922 376 Asiam
941 340 1088 375 transit.
1138 338 1194 376 X.
1216 339 1264 376 In
1278 338 1448 389 Phrygia

306 396 535 446 interficitur.
590 393 669 430 XI.
700 392 910 429 Alcibiadis
930 392 1012 428 laus
1031 399 1065 428 et
1084 392 1313 441 vituperatzo.

307 500 339 536 I.
386 499 618 543 Alcibiades,
654 498 789 534 Cliniae
824 498 936 539 filius,
966 496 1226 532 Atheniensis.
1298 495 1343 532 In
1375 495 1447 532 hoc

253 561 399 594 natura,
429 552 518 599 quid
549 551 701 587 efficere
732 550 864 598 possit,
893 549 1039 585 videtur
1070 557 1235 596 experta.
1294 548 1452 585 Constat

256 605 357 641 enim
395 604 492 639 inter
528 616 673 646 omnes,
713 603 776 649 qui
816 602 862 638 de
892 614 937 637 eo
972 602 1161 637 memoriae
1198 600 1451 649 prodiderunt,

255 656 350 692 nihil
381 656 444 692 illo
475 656 594 692 fuisse
626 655 888 697 excellentius,
919 654 980 689 vel
1011 654 1049 689 in
1080 654 1194 697 vitiis,
1226 653 1285 688 vel
1314 653 1352 689 in
1379 653 1454 688 vir-

256 709 406 745 tutibus.
463 708 585 744 Natus
615 707 652 743 in
682 707 913 755 amplissima
941 706 1104 749 civitate,
1126 717 1270 741 summo
1300 717 1452 753 genere,

255 761 419 796 omnium
458 761 577 796 aetatis
616 772 692 795 suae
739 759 852 795 multo
890 758 1196 802 formosissimus,
1237 757 1283 793 ad
1320 769 1453 793 omnes

254 825 316 849 res
347 821 465 861 aptus,
496 812 718 859 consiliique
747 812 894 859 plenus.
953 811 1127 857 Namque
1156 811 1358 858 imperator
1385 809 1453 846 fuit

256 877 423 901 summus
445 872 481 900 et
500 865 595 900 mari
616 872 653 900 et
672 875 769 900 terra
789 878 796 908 ;
827 863 1002 905 disertus,
1022 871 1058 898 ut
1080 863 1263 910 imprimis
1290 862 1452 898 dicendo

255 918 409 961 valeret,
440 917 538 964 quod
572 924 673 952 tanta
704 924 782 952 erat
814 915 1090 951 commendatio
1121 915 1196 950 oris
1229 923 1339 962 atque
1368 927 1449 950 ora-

255 970 381 1013 tionis,
410 978 449 1005 ut
480 981 592 1005 nemo
627 969 663 1004 ei
697 968 860 1004 dicendo
893 975 1023 1016 posset
1055 968 1260 1011 resistere;
1304 966 1448 1004 deinde.

256 1034 367 1069 quum
405 1029 552 1069 tempus
590 1028 779 1069 posceret,
819 1020 1040 1063 laboriosus,
1074 1020 1234 1068 patiens,
1272 1019 1452 1064 liberalis,

259 1074 478 1121 splendidus
511 1086 587 1109 non
621 1073 742 1109 minus
777 1073 815 1108 in
844 1073 931 1116 vita,
961 1085 1072 1119 quam
1105 1072 1232 1116 victu3
1278 1072 1453 1116 affabilis,

257 1126 428 1170 blandus,
475 1126 703 1174 temporibus
752 1124 999 1161 callidissime
1047 1125 1273 1160 inserviens.
1333 1124 1452 1168 Idem,

258 1178 369 1214 simul
391 1191 434 1214 ac
456 1191 497 1214 se
519 1179 727 1221 remiserat,
744 1189 865 1224 neque
888 1189 1006 1212 causa
1026 1178 1187 1221 suberat,
1204 1190 1316 1224 quare
1338 1177 1454 1212 animi

258 1230 423 1266 laborem
460 1230 653 1278 perferret,
694 1230 920 1273 luxuriosus,
961 1229 1178 1273 dissolutus,
1217 1229 1454 1273 libidinosus,

257 1282 512 1330 intemperans
549 1282 816 1330 reperiebatur,
854 1289 894 1317 ut
930 1294 1061 1317 omnes
1101 1282 1381 1325 admirarentur,
1416 1282 1456 1317 in

257 1346 332 1370 uno
362 1334 512 1370 homine
543 1342 685 1370 tantam
716 1347 802 1370 esse
836 1334 1193 1378 dissimilitudinem,
1224 1330 1371 1382 tainque
1401 1334 1456 1370 di-

259 1399 406 1422 versam
426 1395 607 1422 naturam.

312 1439 364 1475 II.
406 1439 601 1474 Educatus
636 1446 694 1475 est
722 1439 758 1474 in
790 1439 898 1475 domo
929 1439 1069 1474 Pericli
1109 1438 1318 1487 (privignus
1355 1439 1455 1475 enim

260 1492 341 1539 ejus
362 1491 480 1527 fuisse
498 1491 664 1539 dicitur),
683 1491 848 1527 eruditus
866 1504 887 1527 a
907 1491 1079 1526 Socrate.
1131 1491 1312 1527 Socerum
1327 1490 1456 1527 habuit

260 1543 528 1592 HippoMcum,
550 1544 713 1579 omnium
737 1543 872 1580 Graeca
899 1544 1025 1591 lingua
1054 1543 1283 1591 loquentium
1312 1543 1456 1580 divitis-

260 1596 405 1639 simum,
445 1603 495 1639 ut,
535 1596 567 1632 si
606 1596 688 1644 ipse
728 1596 869 1644 fingere
898 1596 1024 1639 vellet,
1053 1608 1174 1642 neque
1214 1596 1321 1643 plura
1358 1597 1457 1632 bona

259 1648 466 1692 reminisci,
486 1660 608 1694 neque
635 1649 774 1696 majora
799 1654 929 1696 posset
956 1648 1148 1695 consequi,
1168 1660 1277 1695 quam
1297 1647 1357 1683 vel
1384 1648 1457 1684 for·

260 1707 349 1735 tuna
369 1700 430 1735 vel
450 1707 581 1735 natura
601 1700 789 1735 tribuerat.

313 1751 387 1787 III.
419 1751 527 1786 Bello
549 1751 828 1798 Peloponnesio
847 1751 958 1799 hujus
980 1751 1138 1786 consilio
1159 1758 1269 1798 atque
1299 1752 1457 1788 auctori-

261 1810 335 1839 tate
370 1802 632 1838 Athenienses
666 1803 804 1839 bellum
837 1803 1090 1851 Syracusanis
1123 1803 1362 1841 indixerunt:
1409 1805 1457 1841 ad

261 1855 358 1902 quod
392 1855 600 1903 gerendum
633 1855 715 1902 ipse
745 1855 820 1891 dux
848 1855 1020 1891 delectus
1051 1862 1134 1899 est3
1170 1855 1242 1891 duo
1275 1864 1457 1904 praeterea

264 1907 421 1955 collegae
453 1907 541 1949 dati,
571 1907 706 1942 Nicias
737 1915 773 1942 et
802 1907 1031 1943 Lamachus.
1090 1907 1134 1943 Id
1159 1920 1271 1955 quum
1298 1921 1456 1958 appara-

261 1967 372 2003 retur,
401 1959 503 2007 prius
533 1971 643 2006 quam
672 1959 808 1995 classis
838 1960 969 2003 exiret,
997 1959 1147 2003 accidit,
1176 1968 1215 1996 ut
1241 1973 1317 1996 una
1345 1970 1456 1998 nocte

262 2023 392 2047 omnes
429 2011 595 2055 Hermae,
625 2011 687 2058 qui
725 2011 763 2047 in
794 2012 930 2069 oppido
966 2019 1072 2048 erant
1106 2011 1281 2057 sthenis‚
1316 2013 1458 2061 dejice-

262 2071 398 2107 rentur,
436 2071 570 2111 praeter
615 2076 740 2107 unum,
780 2064 842 2111 qui
889 2072 973 2099 ante
1015 2064 1171 2112 januam
1211 2073 1289 2101 erat
1332 2067 1458 2103 Ando-

263 2115 372 2151 cidis.
441 2116 570 2162 Itaque
602 2115 666 2151 ille
697 2124 830 2164 postea
862 2116 1075 2152 Mercurius
1108 2117 1327 2154 Andocides
1356 2120 1458 2156 voci-

262 2175 358 2203 tatus
380 2175 449 2203 est.
508 2167 595 2203 Hoc
615 2180 726 2214 quum
756 2177 954 2216 appareret
983 2181 1055 2204 non
1087 2169 1168 2204 sine
1199 2182 1337 2218 magna
1367 2173 1458 2209 migl-

262 2228 380 2255 torum
421 2220 673 2255 consensione
712 2233 800 2256 esse
834 2220 985 2264 factum,
1020 2221 1116 2268 quod
1150 2234 1225 2258 non
1259 2223 1305 2258 ad
1338 2224 1459 2272 priva-

263 2279 348 2312 tam,
384 2272 451 2307 sed
482 2272 528 2307 ad
555 2272 742 2329 publicam
771 2285 849 2308 rem
877 2274 1092 2320 pertineret,
1115 2286 1271 2322 magnus
1298 2277 1458 2313 multitu-

264 2323 341 2358 dini
362 2324 469 2359 timor
490 2332 547 2359 est
567 2324 740 2371 injectus,
762 2337 809 2360 ne
830 2337 902 2372 qua
927 2326 1125 2383 repentina
1153 2327 1210 2362 vis
1241 2328 1277 2363 in
1308 2328 1458 2364 civitate

265 2375 477 2419 exsisteret,
520 2389 603 2423 quae
643 2376 853 2412 libertatem
887 2378 1115 2425 opprimeret
1152 2380 1292 2427 populi.
1368 2379 1457 2416 Hoc

263 2426 429 2462 maxime
450 2428 651 2464 convenire
672 2429 711 2464 in
731 2429 970 2466 Alcibiadem
990 2430 1197 2474 videbatur,
1218 2430 1316 2478 quod
1337 2438 1374 2466 et
1393 2444 1458 2480 po-

264 2478 399 2514 tentior
419 2485 456 2514 et
474 2479 602 2527 major,
622 2492 734 2527 quam
762 2481 942 2529 privatus,
963 2482 1257 2518 existimabatur.
1314 2483 1457 2521 Multos
