1651 2790
230 1291 253 1324 0'1

291 248 345 284 76
544 241 703 282 XVIII.
764 248 801 291 6,
823 249 860 290 7,
882 246 919 283 8.
984 242 1239 297 (Eumenes.)

286 344 378 381 dum
398 344 443 381 de
465 344 741 381 conditionibus
770 352 917 390 tractat,
940 345 1129 395 praefectis
1159 346 1344 396 Antigoni
1375 345 1488 396 impo-

285 398 374 441 suit,
395 410 512 446 seque
533 410 578 434 ac
599 410 688 434 suos
707 410 838 434 omnes
858 399 1022 435 extraxit
1042 399 1265 435 incolumes.

339 449 408 487 VI.
441 450 505 485 Ad
525 450 628 486 hunc
650 450 863 498 Olympias,
879 458 1000 486 mater
1020 463 1105 498 quae
1126 450 1250 487 fuerat
1263 450 1489 496 Alexandri,

285 515 404 550 quum
426 502 571 539 litteras
591 509 628 539 et
657 504 809 539 nuntios
838 504 1001 539 misisset
1029 505 1067 538 in
1088 504 1237 547 Asiam,
1260 504 1489 548 consultum,

287 562 414 591 utrum
428 555 630 603 repetitum
651 554 917 591 Macedoniam
930 556 1076 591 veniret
1097 555 1205 605 (nam
1221 563 1301 592 tum
1318 556 1355 591 in
1373 555 1490 604 Epiro

286 606 498 657 habitabat)
521 614 557 644 et
588 620 653 644 eas
674 620 734 644 res
754 616 981 656 occuparet:
1011 608 1102 644 huic
1132 608 1197 643 ille
1219 608 1383 656 primum
1404 621 1489 644 sua-

284 660 343 704 sit,
364 672 412 695 ne
432 672 472 696 se
493 667 674 705 moveret,
692 666 728 696 et
748 667 998 708 exspectaret,
1019 659 1143 708 quoad
1165 660 1373 696 Alexandri
1388 660 1491 696 filius

285 724 448 761 regnum
469 711 772 760 adipisceretur3
805 713 863 748 sin
895 713 1025 760 aliqua
1054 712 1261 760 cupiditate
1291 718 1492 761 raperetur

285 764 323 800 in
354 763 634 808 Macedoniam,
665 765 836 800 omnium
860 765 1091 813 injuriarum
1119 764 1423 809 oblivisceretur,
1454 770 1491 801 et

285 817 324 852 in
350 817 544 852 neminem
576 817 771 854 acerbiore
806 824 978 853 uteretur
1012 817 1184 865 imperio.
1242 817 1393 853 Horum
1422 817 1490 853 illa

283 869 377 905 nihil
401 868 504 905 fecit.
560 869 663 906 Nam
695 876 731 905 et
752 870 790 905 in
811 869 1076 905 Macedoniam
1102 868 1271 917 profecta
1292 875 1359 914 est,
1381 876 1418 906 et
1437 870 1489 905 ibi

283 921 549 958 crudelissime
566 935 606 958 se
626 923 756 970 gessit.
815 921 927 958 Petiit
947 929 1075 958 autem
1093 922 1139 957 ab
1160 921 1337 958 Eumene
1356 922 1487 958 absen-

283 980 332 1017 te,
353 986 401 1010 ne
422 981 626 1023 pateretur,
645 974 809 1023 Philippi
825 974 959 1010 domus
979 981 1016 1010 et
1036 973 1192 1012 samiTjae
1208 974 1489 1010 inimicissimos

283 1027 439 1075 stirpem
468 1039 620 1075 quoque
650 1027 880 1070 interimere,
904 1025 1095 1074 ferretque
1117 1039 1226 1075 opem
1254 1026 1385 1062 liberis
1419 1026 1487 1062 Al-

283 1079 457 1115 exandri.
514 1078 644 1121 Quam
666 1079 817 1115 veniam
838 1079 870 1114 si
899 1078 1017 1124 daret,
1039 1091 1155 1127 quam
1186 1079 1352 1127 primum
1379 1091 1486 1114 exer-

282 1131 382 1168 citus
402 1138 566 1180 pararet,
589 1144 682 1180 quos
703 1131 773 1167 sibi
802 1131 969 1167 subsidio
999 1131 1220 1167 adduceret.
1278 1130 1319 1167 Id
1340 1144 1415 1180 quo
1436 1130 1487 1167 fa-

282 1184 396 1220 cilius
417 1183 573 1227 faceret,
595 1197 634 1220 se
656 1184 831 1220 omnibus
851 1183 1051 1232 praefeotis,
1073 1184 1138 1233 qui
1159 1184 1197 1219 in
1217 1183 1340 1220 officio
1361 1196 1487 1220 mane-

283 1236 384 1280 bant,
407 1236 554 1272 misisse
590 1236 747 1280 litteras,
770 1242 810 1272 ut
845 1237 880 1272 ei
909 1244 1098 1285 parerent,
1129 1236 1289 1285 ejusque
1319 1236 1489 1272 consiliis

283 1295 495 1324 uterentur.
553 1287 626 1324 His
647 1289 760 1325 rebus
789 1288 986 1324 Eumenes
1015 1296 1208 1337 permotus
1228 1289 1348 1325 satius
1367 1288 1487 1333 duxit,

282 1341 314 1377 si
347 1341 400 1376 ita
427 1340 578 1377 tulisset
607 1339 771 1385 fortuna,
802 1341 926 1389 perire
960 1341 1056 1377 bene
1090 1342 1235 1377 meritis
1262 1340 1488 1377 referentem

283 1393 459 1443 gratiam,
477 1405 592 1441 quam
614 1393 807 1442 ingratum
828 1394 972 1429 xiveie.

336 1444 424 1482 VII.
456 1444 590 1494 Itaque
611 1446 740 1494 copias
770 1446 972 1489 contlaxit,
995 1445 1139 1481 bellum
1171 1445 1242 1481 ads
1247 1432 1356 1482 ersus
1377 1445 1488 1482 Anti-

283 1510 425 1546 gonum
446 1499 694 1546 comparavit.
751 1498 864 1539 Quod
886 1510 964 1533 una
992 1504 1100 1534 erant
1130 1497 1360 1534 Macedones
1388 1510 1488 1534 com-

283 1550 412 1598 plures
446 1550 602 1595 nobiles,
639 1551 677 1586 in
712 1551 771 1586 his
805 1550 1022 1595 Peucestes,
1057 1551 1123 1599 qui
1162 1551 1329 1599 corporis
1362 1557 1489 1587 custos

284 1601 409 1638 suerat
443 1602 670 1647 Alexandri,
706 1610 787 1639 tum
823 1610 950 1639 autem
981 1603 1173 1639 obtinebat
1207 1602 1414 1647 Persidem,
1454 1609 1488 1639 et

284 1654 510 1703 Antigenes,
528 1656 641 1704 cujus
662 1656 732 1691 sub
748 1655 908 1704 imperio
923 1655 1089 1704 phalanx
1107 1662 1188 1691 erat
1209 1654 1463 1691 Macedonum
1479 1668 1487 1691 :

283 1707 465 1742 invidiam
483 1720 631 1751 verens,
654 1720 769 1756 quam
791 1715 917 1743 tamen
938 1707 1108 1755 effugere
1129 1719 1200 1743 non
1224 1709 1353 1755 potuit,
1375 1708 1407 1743 si
1428 1719 1488 1755 po⁰

283 1759 358 1794 tius
378 1759 458 1806 ipse
480 1759 697 1808 alienigena
717 1760 857 1795 summi
886 1760 1035 1807 imperii
1063 1759 1256 1807 potiretur,
1279 1771 1394 1807 quarn
1425 1759 1489 1795 alii

285 1810 552 1855 Macedonum,
585 1824 749 1860 quorum
783 1812 833 1846 ibi
868 1819 949 1847 erat
976 1810 1189 1855 multitudo,
1220 1811 1258 1846 in
1293 1811 1489 1860 principiis

283 1863 433 1898 nomine
451 1863 666 1899 Alexandri
686 1864 816 1900 statuit
836 1863 1141 1907 tabernaculum,
1157 1864 1193 1898 in
1211 1876 1331 1912 eoque
1352 1864 1488 1900 sellam

284 1927 441 1951 auream
475 1928 565 1951 cum
597 1922 745 1964 sceptro
781 1927 826 1951 ac
860 1915 1074 1951 diademate
1102 1915 1216 1963 jussit
1249 1916 1347 1964 poni,
1370 1929 1489 1964 eoque

283 1979 414 2003 omnes
441 1967 607 2016 quotidie
628 1968 844 2012 convenire,
868 1975 908 2004 ut
937 1968 988 2003 ibi
1009 1967 1054 2003 de
1076 1968 1235 2003 summis
1263 1968 1377 2004 rebus
1401 1981 1488 2005 con-

283 2019 370 2055 silia
403 2027 660 2068 caperentur,
697 2019 868 2064 credens,
900 2020 1044 2056 minore
1079 2033 1118 2056 se
1153 2019 1297 2056 invidia
1331 2020 1422 2064 fore,
1457 2022 1489 2057 si

283 2072 410 2120 specie
431 2072 579 2121 imperii
601 2073 839 2121 nominisque
853 2072 1092 2108 simulatione
1110 2072 1324 2108 Alexandri
1345 2073 1489 2109 bellum

284 2124 478 2161 videretur
512 2124 791 2161 administrare.
861 2124 973 2166 Quod
1008 2131 1044 2160 et
1079 2123 1181 2161 fecit.
1238 2124 1340 2160 Nam
1370 2137 1488 2174 quum

283 2188 357 2212 non
383 2176 428 2212 ad
462 2176 650 2213 Eumenis
677 2177 877 2226 principia,
899 2177 965 2213 sed
995 2177 1041 2213 ad
1070 2177 1176 2226 regia
1205 2178 1487 2222 conveniretur,

285 2235 399 2276 atque
420 2229 472 2265 ibi
506 2229 551 2265 de
581 2230 694 2265 rebus
723 2229 1011 2274 deliberaretur,
1033 2229 1306 2278 quodammodc
1336 2229 1488 2274 latebat,

283 2293 403 2330 quum
423 2288 550 2318 tamen
572 2294 640 2331 per
659 2295 747 2318 eum
768 2295 888 2318 unum
908 2289 1134 2331 gererentur
1153 2283 1293 2318 omnia.

337 2333 444 2370 VIII.
477 2333 554 2370 Hic
582 2335 621 2381 in
651 2334 858 2371 Paraetacis
878 2347 967 2371 cum
998 2335 1192 2383 Antigono
1213 2335 1393 2378 conflixit,
1414 2346 1486 2370 non

285 2386 368 2421 acie
398 2387 597 2431 instructa,
619 2387 684 2423 sed
715 2388 753 2423 in
773 2387 932 2423 itinere:
963 2400 1129 2436 eumque
1159 2387 1259 2424 male
1289 2393 1488 2434 acceptum

284 2437 323 2472 in
358 2437 527 2474 Mediam
547 2439 758 2476 hiematum
792 2441 917 2489 coegit
950 2440 1090 2476 redire.
1147 2439 1231 2488 Ipse
1260 2439 1298 2473 in
1328 2438 1488 2476 finitima

285 2490 440 2538 regione
470 2490 636 2529 Persidis
662 2492 871 2528 hiematum
894 2493 1022 2541 copias
1041 2491 1180 2536 divisit,
1202 2503 1275 2527 non
1297 2496 1338 2526 ut
1357 2490 1478 2527 voluit
