1651 2790
487 251 564 292 IX.
602 257 634 301 l,
659 257 696 301 2,
721 257 758 293 3.
817 253 1014 304 (Conon.)
1294 258 1348 296 39

198 354 456 388 Accusatarus
485 350 756 400 Tissaphernen
770 363 836 399 per
869 350 1012 387 litteras
1031 353 1111 400 agit
1138 366 1216 389 cum
1235 354 1350 390 Arta-

199 417 317 453 creraee.
362 403 435 440 IV.
470 402 594 439 Vincit
614 402 907 439 Lacedaemonios
927 404 975 439 ad
998 404 1168 440 Cnidum.
1205 405 1349 442 Gracia

199 456 374 492 liberatur
388 463 422 492 et
438 456 717 504 Atheniensium
732 456 828 491 muri
842 456 1067 506 rcficz'untaecr.
1123 455 1168 492 V.
1191 458 1228 492 A
1250 457 1348 494 Tiri-

198 509 290 544 bazo
311 509 349 544 in
368 508 513 544 vincula
533 508 736 557 conjicitur.

197 612 228 650 I.
286 613 432 657 Conon,
462 611 726 657 Atheniensis,
755 612 1039 660 Peloponnesio
1058 614 1160 650 bello
1181 614 1349 650 accessit

145 665 192 702 ad
210 665 496 713 rempublicam,
517 664 556 701 in
578 677 697 712 coque
719 665 802 713 ejus
823 676 939 713 opera
958 666 1085 714 magni
1110 666 1190 702 fuit.
1247 666 1346 703 Nam

144 724 183 754 et
212 725 348 766 praetor
376 717 617 766 pedestribus
640 717 871 753 exercitibus
892 717 1051 765 praefuit,
1073 725 1110 754 et
1143 718 1346 767 praefectus

145 770 284 806 classis
304 782 366 806 res
386 782 543 818 magnas
563 769 657 805 mari
679 769 811 818 gessit.
870 770 976 812 Quas
990 772 1037 806 ob
1058 784 1194 807 causas
1214 771 1347 820 pracci-

144 835 239 870 puus
274 822 311 858 ei
343 821 467 858 honos
500 822 650 858 habitus
686 828 757 857 est.
831 821 1006 870 Namque
1041 823 1214 860 omnibus
1248 837 1345 860 unus

144 874 279 911 insulis
301 874 470 923 praefuit:
501 874 540 910 in
559 886 632 921 qua
650 880 837 922 potestate
859 873 1006 911 Pheras
1029 876 1142 924 cepit,
1157 877 1346 912 coloniam

144 926 531 963 Lacedaemoniorum.
576 926 664 962 Fuit
680 925 793 962 etiam
808 933 977 963 extremo
999 928 1188 976 Pelopon·
1265 949 1313 973 405

142 980 251 1015 nesio
264 980 364 1015 bello
379 986 524 1027 praetor,
537 991 650 1026 quum
663 978 761 1026 apud
773 979 898 1027 AEgos
913 980 1053 1017 flumen
1068 981 1188 1030 copiae
1223 989 1249 1006 ἃ·
1269 983 1300 1007 C·
1319 990 1345 1007 ¹¹·

144 1031 436 1069 Atheniensium
474 1044 496 1067 a
535 1031 735 1079 Lysandro
774 1038 860 1067 sunt
898 1032 1071 1070 devictae.
1148 1033 1228 1070 Sed
1269 1040 1347 1070 tum

143 1084 271 1128 abfuit,
289 1096 408 1131 eoque
428 1085 539 1133 pejus
553 1096 615 1120 res
629 1083 889 1121 administrata
903 1092 973 1121 est.
1015 1086 1115 1122 Nam
1129 1093 1166 1122 et
1178 1085 1345 1134 prudens

142 1137 199 1173 rei
231 1137 420 1183 militaris,
451 1144 488 1174 et
521 1136 686 1185 diligens
709 1143 788 1173 erat
818 1137 980 1185 imperii.
1038 1138 1169 1186 Itaque
1202 1137 1347 1174 nemini
1377 1142 1383 1150 ¹

143 1197 222 1226 erat
240 1189 302 1226 his
321 1190 552 1239 temporibus
570 1189 734 1234 dubium,
755 1189 789 1225 si
809 1189 995 1235 affuisset,
1016 1191 1123 1227 illam
1136 1190 1347 1227 Athenien-

143 1255 207 1279 ses
228 1243 482 1279 calamitatem
502 1249 727 1290 accepturos
747 1253 823 1278 non
844 1241 978 1278 fuisse.

195 1295 248 1332 II.
278 1295 410 1331 Rebus
425 1303 549 1331 autem
563 1294 726 1338 afflictis,
743 1307 855 1342 quum
868 1295 1029 1343 patriam
1041 1295 1210 1332 obsideri
1222 1295 1348 1332 audis-

143 1354 213 1392 set,
232 1359 309 1383 non
328 1348 514 1395 quaesivit,
534 1346 598 1383 ubi
618 1347 702 1394 ipse
722 1353 800 1382 tuto
820 1347 977 1392 viveret,
999 1348 1069 1384 sed
1087 1348 1187 1384 unde
1265 1368 1314 1392 399

143 1399 320 1447 praesidio
339 1406 473 1447 posset
493 1412 581 1435 esse
598 1399 744 1434 civibus
761 1399 854 1435 suis.
884 1400 1015 1447 Itaque
1033 1401 1190 1437 contulit
1227 1407 1252 1425 ὃ·
1271 1401 1302 1425 C·
1320 1408 1346 1425 ¹¹·

144 1464 186 1486 se
208 1450 255 1486 ad
276 1451 575 1494 Pharnabazum,
597 1457 774 1498 satrapen
791 1451 909 1488 Ioniae
931 1460 968 1488 et
987 1452 1135 1501 Lydiae,
1156 1451 1347 1489 eumdem-

144 1516 214 1550 que
233 1515 414 1550 generum
428 1503 532 1551 regis
546 1509 583 1538 et
602 1503 850 1550 propinquum
865 1517 872 1540 :
905 1504 1004 1551 apud
1017 1517 1127 1551 quem
1138 1512 1179 1540 ut
1190 1504 1347 1540 multum

144 1555 264 1603 gratia
282 1555 438 1599 valeret,
460 1555 578 1591 multo·
603 1555 731 1590 labore
752 1555 953 1603 multisque
984 1557 1115 1592 effecit
1147 1556 1344 1605 periculis.

144 1608 246 1643 Nam
279 1620 391 1655 quum
430 1606 727 1650 Lacedaemonii,
761 1607 1063 1644 Atheniensibus
1096 1608 1273 1652 devictis,
1306 1607 1346 1644 in

143 1659 326 1696 societate
347 1672 423 1696 non
442 1666 652 1703 manerent,
676 1671 787 1706 quam
817 1672 902 1696 cum
931 1661 1142 1697 Artaxerxe
1163 1660 1345 1705 fecerant,

144 1712 439 1760 Agesilaumque
478 1712 658 1748 bellatum
690 1710 889 1748 misissent
927 1712 967 1749 in
1001 1714 1147 1757 Asiam,
1180 1713 1345 1749 maxime

144 1764 295 1812 impulsi
316 1777 338 1800 a
357 1764 634 1813 Tissapherne,
654 1763 717 1811 qui
748 1776 797 1800 ex
824 1764 968 1801 intimis
990 1765 1092 1814 regis
1114 1766 1159 1802 ab
1181 1765 1346 1801 amicitia

144 1817 226 1866 ejus
241 1816 447 1861 defecerat,
465 1824 502 1853 et
519 1829 605 1853 cum
618 1816 924 1853 Lacedaemoniis
940 1818 1083 1853 coierat
1095 1818 1320 1854 societatem
1335 1831 1342 1854 ι

143 1866 243 1905 hunc
273 1869 454 1905 adversus
485 1869 754 1906 Pharnabazus
783 1868 933 1906 habitus
961 1877 1020 1906 est
1048 1870 1273 1919 imperator3
1302 1882 1343 1906 re

144 1921 295 1969 quidem
313 1934 404 1958 vera
425 1921 610 1958 exercitui
629 1921 776 1969 praefuit
796 1921 944 1966 Conon,
966 1923 1123 1972 ejusque
1144 1923 1271 1958 omnia
1290 1935 1346 1958 ar-

144 1974 253 2010 bitrio
274 1981 383 2022 gesta
402 1981 501 2010 sunt.
557 1973 635 2010 Hic
655 1975 811 2010 multum
830 1974 968 2010 ducem
991 1987 1187 2019 summum,
1208 1975 1347 2023 Agesi-

144 2026 256 2071 laum,
276 2026 485 2074 impedivit,
506 2038 684 2074 saepeque
715 2027 798 2075 ejus
819 2027 993 2063 consiliis
1028 2027 1192 2071 obstitit3
1221 2039 1344 2074 neque

146 2091 235 2114 vero
263 2091 341 2114 non
371 2078 441 2114 fuit
474 2085 655 2126 apertum,
685 2079 719 2114 si
751 2079 817 2115 ille
847 2091 923 2115 non
954 2079 1101 2124 fuisset,
1122 2078 1346 2127 Agesilaum

146 2131 279 2167 Asiam
298 2131 426 2167 Tauro
445 2137 556 2166 tenus
576 2130 659 2179 regi
679 2130 798 2167 fuisse
814 2138 1040 2179 erepturum.
1099 2131 1176 2173 Qui
1195 2138 1345 2179 postea-

145 2195 256 2230 quam
275 2182 425 2218 domum
444 2196 466 2218 a
486 2183 565 2219 suis
596 2182 742 2219 civibus
761 2190 961 2219 revocatus
990 2190 1060 2228 est,
1080 2183 1179 2231 quod
1208 2183 1345 2218 Boeotii

147 2244 185 2270 et
206 2234 463 2270 Athenienses
486 2235 789 2271 Lacedaemoniis
805 2235 946 2271 bellum
964 2235 1190 2279 indixerant,
1212 2235 1346 2271 Conon

147 2286 267 2322 nihilo
296 2286 424 2322 secius
454 2287 552 2334 apud
577 2287 777 2335 praefectcis
806 2287 910 2336 regis
948 2288 1181 2326 versabatur,
1209 2285 1345 2334 hisque

147 2337 320 2375 Omnibus
340 2338 504 2373 maximo
526 2345 605 2373 erat
623 2339 722 2374 usui.

200 2390 274 2427 III.
307 2389 514 2426 Defecerat
533 2402 555 2425 a
569 2402 660 2438 rege
677 2389 976 2438 Tissaphernes,
988 2403 1112 2437 neque
1132 2390 1171 2426 id
1188 2398 1265 2427 tam
1278 2391 1346 2427 Ar-

149 2441 306 2486 taxerxi,
327 2454 438 2489 quam
459 2442 612 2486 ceteris,
634 2448 714 2477 erat
733 2448 914 2490 apertum.
972 2442 1106 2478 Multis
1128 2443 1228 2479 enim
1244 2456 1347 2492 mag-

150 2494 284 2542 nisque
312 2494 458 2530 meritis
489 2493 587 2542 apud
620 2505 763 2542 regem,
784 2493 899 2530 etiam
927 2506 1040 2542 quum
1066 2494 1106 2531 in
1126 2495 1252 2532 officio
1270 2508 1346 2533 non
