1651 2790
296 244 439 287 XXV.
505 249 566 293 19,
584 248 650 285 20.
715 242 783 297 (Τ.
802 242 1064 296 Pomponius
1081 243 1278 296 Atheus.)
1317 247 1393 284 107

185 350 357 387 virorum
388 349 616 398 propagines
649 346 837 396 possimus
870 357 1117 394 cognoscere.
1184 344 1295 382 Fecit
1327 345 1398 382 hoc
1427 359 1447 381 «ρ

182 401 282 439 idern
302 402 509 450 separatim
529 403 568 438 in
590 401 676 439 aliis
696 399 826 436 libris:
858 404 900 435 ut
920 397 974 434 M.
997 397 1110 434 Bruti
1131 404 1267 447 rogatu
1287 397 1309 434 J
1314 399 1396 434 uni-

180 466 244 491 am
263 453 448 491 familiam
469 467 492 490 a
507 455 623 504 stirpe
637 451 683 489 ad
704 452 804 489 hanc
818 456 968 487 aetatem
988 450 1120 487 ordine
1137 452 1396 495 enumeravit,

182 513 329 552 notans,
351 507 430 556 qui,
452 519 476 543 a
506 519 580 556 quo
600 513 718 550 ortus,
740 517 835 553 quos
862 504 1034 548 honores,
1055 503 1273 552 quibusque
1305 510 1396 540 tem-

180 559 335 609 poribus
354 560 532 608 cepisset.
590 559 680 597 Pari
711 557 822 594 modo
842 556 1022 593 Marcelli
1042 555 1208 600 Claudii,
1232 555 1396 592 Marcel-

180 613 332 659 lorum3
364 612 554 661 Scipionis
582 611 750 650 Cornelii
779 616 817 647 et
845 609 958 646 Fabii
993 608 1166 653 Maximi,
1188 608 1398 645 Fabiorum

179 670 218 702 et
250 664 499 702 AEmiliorum
526 677 702 715 quoque:
732 663 873 712 quibus
906 661 1014 698 libris
1032 661 1128 699 nihil
1161 667 1281 711 potest
1314 674 1398 698 esse

180 716 336 754 dulcius
355 717 414 762 iis,
435 718 504 766 qui
533 718 703 767 aliquam
724 715 974 765 cupiditatem
993 715 1135 752 habent
1155 715 1299 751 notitiae
1320 714 1397 750 cla-

183 782 313 807 rorum
348 770 532 807 virorum.
591 770 734 819 Attigit
766 780 919 818 quoque
950 768 1148 817 poeticen:
1190 767 1397 811 credimus,

181 834 228 859 ne
249 822 334 871 ejus
353 835 490 872 expers
509 829 610 859 esset
637 821 851 859 suavitatis.
909 820 1094 870 Namque
1115 820 1301 865 versibus,
1332 820 1399 869 qui

182 875 322 912 honore
343 887 550 925 rerumque
571 882 767 925 gestarum
788 873 1039 923 amplitudine
1061 879 1210 910 ceteros
1233 872 1399 910 Romani

183 927 309 977 populi
329 928 598 976 praestiterunt,
613 927 788 977 exposuit
807 927 872 972 ita,
895 933 935 963 ut
954 926 1026 963 sub
1042 926 1283 976 singulorum
1303 926 1395 962 ima-

183 980 334 1029 ginibus
368 979 472 1017 facta
499 981 825 1032 magistratusque
846 991 980 1016 eorum
1013 991 1088 1016 non
1109 979 1274 1028 amplius
1305 991 1396 1028 qua-

182 1032 297 1069 ternis
324 1033 501 1082 quinisve
521 1033 697 1070 versibus
726 1032 993 1082 descripserit:
1023 1031 1124 1081 quod
1144 1033 1208 1068 vix
1239 1032 1397 1068 creden-

180 1084 271 1121 dum
292 1085 351 1130 sit,
373 1092 499 1123 tantas
519 1098 580 1123 res
599 1093 678 1123 tam
698 1085 866 1122 breviter
886 1085 1052 1134 potuisse
1073 1084 1278 1122 declarali.
1325 1083 1397 1120 Est

181 1138 296 1174 etiam
325 1150 426 1175 unus
455 1139 565 1184 liber,
588 1139 727 1176 Graece
754 1137 965 1182 confectus,
987 1137 1033 1174 de
1054 1137 1259 1174 consulatu
1287 1136 1396 1174 Cice-

181 1190 297 1227 ronis.

235 1242 343 1280 XIX.
374 1243 576 1282 Hactenus
600 1244 728 1281 Attico
748 1244 836 1281 vivo
857 1243 957 1280 edita
978 1242 1099 1292 [haec]
1125 1255 1146 1279 a
1166 1242 1274 1279 nobis
1294 1249 1395 1279 sunt.

181 1294 313 1341 Nunc,
345 1298 527 1345 quoniam
558 1297 711 1334 fortuna
741 1309 809 1334 nos
840 1296 1062 1346 superstites
1082 1296 1118 1332 ei
1149 1308 1233 1333 esse
1264 1295 1396 1340 voluit,

182 1347 331 1397 reliqua
361 1361 648 1398 persequemur,
683 1355 731 1394 et,
761 1355 950 1399 quantum
981 1349 1229 1398 potuerimus,
1266 1361 1397 1385 rerum

183 1400 367 1449 exemplis
386 1401 547 1438 lectores
567 1402 800 1446 docebimus,
821 1402 922 1438 sicut
941 1413 1057 1450 supra
1077 1401 1394 1450 significavimus,

182 1464 271 1489 suos
311 1453 453 1502 cuique
491 1466 617 1490 mores
663 1454 892 1503 plerumque
930 1454 1139 1490 conciliare
1188 1453 1394 1490 fortunam.

182 1503 364 1553 Namque
391 1506 454 1542 hic
484 1513 685 1543 contentus
711 1506 843 1543 ordine
870 1506 1050 1554 equestri,
1073 1518 1148 1553 quo
1167 1513 1250 1543 erat
1278 1513 1394 1551 ortus,
1426 1515 1434 1524 ·

183 1557 222 1594 in
243 1557 465 1594 affinitatem
485 1559 658 1608 pervenit
678 1559 917 1608 imperatoris
937 1557 1028 1595 Divi
1048 1558 1141 1595 filii:
1171 1571 1291 1607 quum
1314 1558 1395 1607 jam

184 1616 271 1646 ante
292 1609 591 1648 familiaritatem
611 1612 696 1661 ejus
715 1617 816 1648 esset
849 1618 1082 1649 consecutus
1114 1611 1225 1647 nulla
1245 1611 1322 1648 alia
1342 1623 1395 1656 re,

183 1673 300 1711 quam
319 1662 511 1712 elegantia
530 1664 630 1709 vitae,
651 1676 729 1713 qua
748 1670 896 1701 ceteros
915 1670 1071 1713 ceperat
1090 1664 1283 1713 principes
1303 1664 1395 1701 civi-

185 1714 280 1759 tatis,
315 1714 499 1765 dignitate
534 1717 628 1766 pari,
665 1716 817 1753 fortuna
850 1716 1068 1754 humiliore.
1133 1716 1262 1753 Tanta
1293 1717 1396 1753 enim

182 1768 411 1817 prosperitas
430 1768 623 1806 Caesarem
644 1775 700 1806 est
729 1775 947 1815 consecuta,
970 1776 1011 1806 ut
1041 1769 1136 1806 nihil
1171 1769 1206 1805 ei
1237 1782 1312 1806 non
1333 1770 1395 1806 tri-

184 1819 308 1857 buerit
329 1819 491 1867 fortuna,
512 1821 612 1871 quod
633 1823 815 1871 cuiquam
837 1828 924 1858 ante
945 1822 1135 1866 detulerit,
1157 1828 1194 1859 et
1214 1822 1394 1859 concilia-

186 1872 243 1917 rit,
263 1872 365 1922 quod
397 1886 510 1911 nemo
538 1874 666 1911 adhuc
686 1875 783 1911 civis
812 1874 1011 1912 Romanus
1043 1875 1166 1924 quivit
1196 1875 1393 1924 consequi.

186 1924 288 1962 Nata
307 1931 364 1962 est
390 1933 519 1963 autem
540 1927 670 1964 Attico
698 1927 822 1976 neptis
842 1940 889 1964 ex
910 1928 1098 1977 Agrippa,
1120 1927 1185 1964 cui
1205 1927 1397 1977 virginem

184 1976 303 2014 filiam
322 1977 544 2016 collocarat.
593 1979 709 2017 Hanc
728 1979 872 2025 Caesar,
894 1981 959 2016 vix
980 1980 1215 2024 anniculam,
1238 1979 1396 2017 Tiberio

183 2028 345 2067 Claudio
365 2030 525 2076 Neroni,
546 2030 722 2069 Drusilla
745 2038 845 2078 nato,
878 2033 1054 2082 privigno
1073 2045 1154 2077 suo,
1176 2032 1394 2082 despondit:

184 2093 270 2129 quae
289 2083 508 2132 conjunctio
526 2084 851 2122 necessitudinem
872 2097 1006 2122 eorum
1035 2085 1174 2130 sanxit,
1197 2084 1394 2121 familiari-

186 2139 299 2169 tatem
319 2135 480 2172 reddidit
499 2135 811 2186 frequentiorem.

239 2184 325 2222 XX.
357 2186 546 2228 Quamvis
575 2196 662 2226 ante
690 2190 773 2227 haec
801 2190 993 2239 sponsalia
1023 2202 1098 2226 non
1118 2189 1253 2234 solum,
1275 2201 1394 2238 quum

186 2237 232 2273 ab
253 2238 348 2274 urbe
369 2238 530 2285 abesset,
550 2253 762 2290 numquam
782 2242 829 2278 ad
857 2254 1015 2279 suorum
1035 2254 1268 2291 quemquam
1297 2242 1394 2278 litte-

187 2301 247 2326 ras
266 2290 380 2335 misit,
414 2292 507 2340 quin
540 2293 670 2330 Attico
701 2295 878 2339 mitteret,
899 2294 988 2343 quid
1020 2301 1162 2343 ageret,
1194 2294 1392 2343 imprimis,

183 2342 275 2390 quid
296 2342 453 2392 legeret,
474 2345 690 2394 quibusque
709 2346 748 2381 in
768 2346 874 2391 locis,
895 2353 933 2383 et
967 2358 1083 2394 quam
1112 2346 1178 2383 diu
1198 2352 1297 2382 esset
1317 2358 1393 2382 mo-

185 2401 361 2431 raturus:
392 2395 457 2432 sed
486 2397 614 2442 etiam,
635 2410 755 2447 quum
771 2405 870 2434 esset
889 2399 929 2434 in
949 2399 1056 2442 urbe,
1077 2404 1114 2434 et
1133 2405 1284 2447 propter
1303 2411 1395 2435 suas
1422 2409 1435 2440 ·,

184 2446 353 2484 infinitas
382 2450 652 2498 occupationes
680 2450 807 2487 minus
830 2462 941 2500 saepe,
962 2463 1080 2499 quam
1103 2450 1230 2496 vellet,
1263 2450 1394 2488 Attico

185 2497 389 2546 frueretur,
424 2501 556 2539 nullus
586 2502 666 2539 dies
696 2509 839 2539 temere
872 2502 1099 2544 intercessit,
1133 2515 1209 2553 quo
1237 2515 1311 2541 non
1345 2503 1392 2540 ad
